{"id":"gen8ou-1669374016","p1":"Emblema de Fuego","p2":"64j3t3hrt3h","format":"gen8ou","log":"|j|\u2606Emblema de Fuego\n|j|\u260664j3t3hrt3h\n|t:|1663721002\n|gametype|singles\n|player|p1|Emblema de Fuego|blue|1762\n|player|p2|64j3t3hrt3h|1|1827\n|teamsize|p1|6\n|teamsize|p2|6\n|gen|8\n|tier|[Gen 8] OU\n|rated|\n|rule|Sleep Clause Mod: Limit one foe put to sleep\n|rule|Species Clause: Limit one of each Pok\u00e9mon\n|rule|OHKO Clause: OHKO moves are banned\n|rule|Evasion Items Clause: Evasion items are banned\n|rule|Evasion Moves Clause: Evasion moves are banned\n|rule|Endless Battle Clause: Forcing endless battles is banned\n|rule|HP Percentage Mod: HP is shown in percentages\n|rule|Dynamax Clause: You cannot dynamax\n|clearpoke\n|poke|p1|Slowbro, M|\n|poke|p1|Hatterene, F|\n|poke|p1|Marowak-Alola, M|\n|poke|p1|Ferrothorn, M|\n|poke|p1|Garchomp, F|\n|poke|p1|Drampa, M|\n|poke|p2|Buzzwole|\n|poke|p2|Landorus-Therian, M|\n|poke|p2|Magnezone|\n|poke|p2|Tyranitar, F|\n|poke|p2|Tapu Lele|\n|poke|p2|Toxapex, F|\n|teampreview\n|j| Chiefsss\n|\n|t:|1663721033\n|start\n|switch|p1a: Sonso|Slowbro, M|100\/100\n|switch|p2a: Tapu Lele|Tapu Lele, shiny|100\/100\n|-fieldstart|move: Psychic Terrain|[from] ability: Psychic Surge|[of] p2a: Tapu Lele\n|turn|1\n|\n|t:|1663721039\n|switch|p1a: Thorns|Ferrothorn, M|100\/100\n|move|p2a: Tapu Lele|Shadow Ball|p1a: Thorns\n|-damage|p1a: Thorns|74\/100\n|\n|upkeep\n|turn|2\n|\n|t:|1663721045\n|switch|p2a: Magnezone|Magnezone|100\/100\n|move|p1a: Thorns|Leech Seed|p2a: Magnezone\n|-start|p2a: Magnezone|move: Leech Seed\n|\n|-damage|p2a: Magnezone|88\/100|[from] Leech Seed|[of] p1a: Thorns\n|-heal|p1a: Thorns|85\/100|[silent]\n|upkeep\n|turn|3\n|l| Chiefsss\n|\n|t:|1663721052\n|move|p2a: Magnezone|Iron Defense|p2a: Magnezone\n|-boost|p2a: Magnezone|def|2\n|move|p1a: Thorns|Power Whip|p2a: Magnezone\n|-resisted|p2a: Magnezone\n|-damage|p2a: Magnezone|81\/100\n|\n|-heal|p2a: Magnezone|87\/100|[from] item: Leftovers\n|-damage|p2a: Magnezone|74\/100|[from] Leech Seed|[of] p1a: Thorns\n|-heal|p1a: Thorns|96\/100|[silent]\n|upkeep\n|turn|4\n|\n|t:|1663721065\n|move|p2a: Magnezone|Iron Defense|p2a: Magnezone\n|-boost|p2a: Magnezone|def|2\n|move|p1a: Thorns|Stealth Rock|p2a: Magnezone\n|-sidestart|p2: 64j3t3hrt3h|move: Stealth Rock\n|\n|-heal|p2a: Magnezone|81\/100|[from] item: Leftovers\n|-damage|p2a: Magnezone|68\/100|[from] Leech Seed|[of] p1a: Thorns\n|-heal|p1a: Thorns|100\/100|[silent]\n|upkeep\n|turn|5\n|j| blackdarkness00\n|l| blackdarkness00\n|\n|t:|1663721082\n|switch|p1a: Billy B.|Marowak-Alola, M|100\/100\n|move|p2a: Magnezone|Iron Defense|p2a: Magnezone\n|-boost|p2a: Magnezone|def|2\n|\n|-heal|p2a: Magnezone|74\/100|[from] item: Leftovers\n|-damage|p2a: Magnezone|62\/100|[from] Leech Seed|[of] p1a: Billy B.\n|-fieldend|move: Psychic Terrain\n|upkeep\n|turn|6\n|\n|t:|1663721097\n|switch|p2a: Toxapex|Toxapex, F|100\/100\n|-damage|p2a: Toxapex|88\/100|[from] Stealth Rock\n|move|p1a: Billy B.|Flare Blitz|p2a: Toxapex\n|-resisted|p2a: Toxapex\n|-damage|p2a: Toxapex|57\/100\n|-damage|p1a: Billy B.|84\/100|[from] item: Rocky Helmet|[of] p2a: Toxapex\n|\n|upkeep\n|turn|7\n|\n|t:|1663721105\n|switch|p2a: Landorus|Landorus-Therian, M|100\/100\n|-damage|p2a: Landorus|88\/100|[from] Stealth Rock\n|-ability|p2a: Landorus|Intimidate|boost\n|-unboost|p1a: Billy B.|atk|1\n|move|p1a: Billy B.|Poltergeist|p2a: Landorus\n|-activate|p2a: Landorus|move: Poltergeist|Leftovers\n|-damage|p2a: Landorus|32\/100\n|\n|-heal|p2a: Landorus|38\/100|[from] item: Leftovers\n|upkeep\n|turn|8\n|\n|t:|1663721116\n|switch|p1a: Sonso|Slowbro, M|100\/100\n|move|p2a: Landorus|Knock Off|p1a: Sonso\n|-supereffective|p1a: Sonso\n|-enditem|p1a: Sonso|Colbur Berry|[eat]\n|-enditem|p1a: Sonso|Colbur Berry|[weaken]\n|-damage|p1a: Sonso|83\/100\n|\n|-heal|p2a: Landorus|44\/100|[from] item: Leftovers\n|upkeep\n|turn|9\n|\n|t:|1663721124\n|move|p2a: Landorus|Defog|p1a: Sonso\n|-unboost|p1a: Sonso|evasion|1\n|-sideend|p2: 64j3t3hrt3h|Stealth Rock|[from] move: Defog|[of] p2a: Landorus\n|move|p1a: Sonso|Scald|p2a: Landorus\n|-supereffective|p2a: Landorus\n|-damage|p2a: Landorus|1\/100\n|\n|-heal|p2a: Landorus|7\/100|[from] item: Leftovers\n|upkeep\n|turn|10\n|\n|t:|1663721132\n|switch|p1a: Gorra|Hatterene, F|100\/100\n|move|p2a: Landorus|U-turn|p1a: Gorra\n|-damage|p1a: Gorra|77\/100\n|\n|t:|1663721135\n|switch|p2a: Tapu Lele|Tapu Lele, shiny|100\/100|[from]move: U-turn\n|-fieldstart|move: Psychic Terrain|[from] ability: Psychic Surge|[of] p2a: Tapu Lele\n|\n|upkeep\n|turn|11\n|j| ISimpForKlara\n|\n|t:|1663721142\n|switch|p1a: Thorns|Ferrothorn, M|100\/100\n|move|p2a: Tapu Lele|Shadow Ball|p1a: Thorns\n|-damage|p1a: Thorns|73\/100\n|\n|upkeep\n|turn|12\n|\n|t:|1663721148\n|switch|p2a: Buzzwole|Buzzwole|100\/100\n|move|p1a: Thorns|Stealth Rock|p2a: Buzzwole\n|-sidestart|p2: 64j3t3hrt3h|move: Stealth Rock\n|\n|upkeep\n|turn|13\n|\n|t:|1663721155\n|move|p2a: Buzzwole|Earthquake|p1a: Thorns\n|-damage|p1a: Thorns|43\/100\n|move|p1a: Thorns|Leech Seed|p2a: Buzzwole\n|-start|p2a: Buzzwole|move: Leech Seed\n|\n|-damage|p2a: Buzzwole|88\/100|[from] Leech Seed|[of] p1a: Thorns\n|-heal|p1a: Thorns|55\/100|[silent]\n|upkeep\n|turn|14\n|\n|t:|1663721163\n|switch|p2a: Landorus|Landorus-Therian, M|7\/100\n|-damage|p2a: Landorus|0 fnt|[from] Stealth Rock\n|faint|p2a: Landorus\n|switch|p1a: Billy B.|Marowak-Alola, M|84\/100\n|\n|-fieldend|move: Psychic Terrain\n|upkeep\n|\n|t:|1663721171\n|switch|p2a: Tapu Lele|Tapu Lele, shiny|100\/100\n|-damage|p2a: Tapu Lele|88\/100|[from] Stealth Rock\n|-fieldstart|move: Psychic Terrain|[from] ability: Psychic Surge|[of] p2a: Tapu Lele\n|turn|15\n|\n|t:|1663721178\n|switch|p1a: Thorns|Ferrothorn, M|55\/100\n|move|p2a: Tapu Lele|Psychic|p1a: Thorns\n|-resisted|p1a: Thorns\n|-damage|p1a: Thorns|21\/100\n|\n|upkeep\n|turn|16\n|\n|t:|1663721188\n|move|p2a: Tapu Lele|Psychic|p1a: Thorns\n|-resisted|p1a: Thorns\n|-damage|p1a: Thorns|0 fnt\n|faint|p1a: Thorns\n|\n|upkeep\n|j| BabyPigsAreLaughin\n|\n|t:|1663721198\n|switch|p1a: Sonso|Slowbro, M|100\/100\n|turn|17\n|\n|t:|1663721202\n|switch|p2a: Magnezone|Magnezone|62\/100\n|-damage|p2a: Magnezone|56\/100|[from] Stealth Rock\n|move|p1a: Sonso|Scald|p2a: Magnezone\n|-damage|p2a: Magnezone|22\/100\n|\n|-heal|p2a: Magnezone|29\/100|[from] item: Leftovers\n|upkeep\n|turn|18\n|\n|t:|1663721214\n|switch|p1a: Sharpo|Garchomp, F|100\/100\n|move|p2a: Magnezone|Magnet Rise|p2a: Magnezone\n|-start|p2a: Magnezone|Magnet Rise\n|\n|-heal|p2a: Magnezone|35\/100|[from] item: Leftovers\n|upkeep\n|turn|19\n|\n|t:|1663721222\n|switch|p1a: Billy B.|Marowak-Alola, M|84\/100\n|move|p2a: Magnezone|Iron Defense|p2a: Magnezone\n|-boost|p2a: Magnezone|def|2\n|\n|-heal|p2a: Magnezone|41\/100|[from] item: Leftovers\n|-fieldend|move: Psychic Terrain\n|upkeep\n|turn|20\n|\n|t:|1663721229\n|move|p2a: Magnezone|Thunderbolt|p1a: Billy B.\n|-damage|p1a: Billy B.|24\/100\n|move|p1a: Billy B.|Flare Blitz|p2a: Magnezone\n|-supereffective|p2a: Magnezone\n|-damage|p2a: Magnezone|0 fnt\n|faint|p2a: Magnezone\n|\n|upkeep\n|\n|t:|1663721234\n|switch|p2a: Tapu Lele|Tapu Lele, shiny|88\/100\n|-damage|p2a: Tapu Lele|76\/100|[from] Stealth Rock\n|-fieldstart|move: Psychic Terrain|[from] ability: Psychic Surge|[of] p2a: Tapu Lele\n|turn|21\n|j| Goliathan\n|\n|t:|1663721252\n|move|p2a: Tapu Lele|Moonblast|p1a: Billy B.\n|-resisted|p1a: Billy B.\n|-damage|p1a: Billy B.|0 fnt\n|faint|p1a: Billy B.\n|\n|upkeep\n|\n|t:|1663721257\n|switch|p1a: Sharpo|Garchomp, F|100\/100\n|turn|22\n|\n|t:|1663721260\n|move|p1a: Sharpo|Earthquake|p2a: Tapu Lele\n|-damage|p2a: Tapu Lele|0 fnt\n|faint|p2a: Tapu Lele\n|\n|upkeep\n|\n|t:|1663721262\n|switch|p2a: Buzzwole|Buzzwole|88\/100\n|-damage|p2a: Buzzwole|76\/100|[from] Stealth Rock\n|turn|23\n|\n|t:|1663721268\n|switch|p1a: Sonso|Slowbro, M|100\/100\n|move|p2a: Buzzwole|Ice Punch|p1a: Sonso\n|-resisted|p1a: Sonso\n|-damage|p1a: Sonso|93\/100\n|-status|p1a: Sonso|frz\n|\n|upkeep\n|turn|24\n|\n|t:|1663721275\n|switch|p2a: Tyranitar|Tyranitar, F|100\/100\n|-damage|p2a: Tyranitar|88\/100|[from] Stealth Rock\n|-weather|Sandstorm|[from] ability: Sand Stream|[of] p2a: Tyranitar\n|-curestatus|p1a: Sonso|frz|[from] move: Scald\n|move|p1a: Sonso|Scald|p2a: Tyranitar\n|-supereffective|p2a: Tyranitar\n|-damage|p2a: Tyranitar|67\/100\n|-status|p2a: Tyranitar|brn\n|\n|-weather|Sandstorm|[upkeep]\n|-damage|p1a: Sonso|87\/100|[from] Sandstorm\n|-heal|p2a: Tyranitar|74\/100 brn|[from] item: Leftovers\n|-damage|p2a: Tyranitar|67\/100 brn|[from] brn\n|upkeep\n|turn|25\n|\n|t:|1663721289\n|move|p2a: Tyranitar|Stealth Rock|p1a: Sonso\n|-sidestart|p1: Emblema de Fuego|move: Stealth Rock\n|move|p1a: Sonso|Body Press|p2a: Tyranitar\n|-supereffective|p2a: Tyranitar\n|-damage|p2a: Tyranitar|0 fnt\n|faint|p2a: Tyranitar\n|\n|-weather|Sandstorm|[upkeep]\n|-damage|p1a: Sonso|80\/100|[from] Sandstorm\n|-fieldend|move: Psychic Terrain\n|upkeep\n|\n|t:|1663721292\n|switch|p2a: Buzzwole|Buzzwole|76\/100\n|-damage|p2a: Buzzwole|63\/100|[from] Stealth Rock\n|turn|26\n|\n|t:|1663721300\n|move|p2a: Buzzwole|Leech Life|p1a: Sonso\n|-supereffective|p1a: Sonso\n|-damage|p1a: Sonso|31\/100\n|-heal|p2a: Buzzwole|91\/100|[from] drain|[of] p1a: Sonso\n|move|p1a: Sonso|Slack Off|p1a: Sonso\n|-heal|p1a: Sonso|81\/100\n|\n|-weather|Sandstorm|[upkeep]\n|-damage|p2a: Buzzwole|84\/100|[from] Sandstorm\n|-damage|p1a: Sonso|75\/100|[from] Sandstorm\n|upkeep\n|turn|27\n|\n|t:|1663721315\n|move|p2a: Buzzwole|Leech Life|p1a: Sonso\n|-supereffective|p1a: Sonso\n|-damage|p1a: Sonso|24\/100\n|-heal|p2a: Buzzwole|100\/100|[from] drain|[of] p1a: Sonso\n|move|p1a: Sonso|Trick Room|p1a: Sonso\n|-fieldstart|move: Trick Room|[of] p1a: Sonso\n|\n|-weather|Sandstorm|[upkeep]\n|-damage|p1a: Sonso|18\/100|[from] Sandstorm\n|-damage|p2a: Buzzwole|94\/100|[from] Sandstorm\n|upkeep\n|turn|28\n|c| BabyPigsAreLaughin|It's over.\n|\n|t:|1663721323\n|move|p1a: Sonso|Scald|p2a: Buzzwole\n|-damage|p2a: Buzzwole|53\/100\n|move|p2a: Buzzwole|Leech Life|p1a: Sonso\n|-supereffective|p1a: Sonso\n|-damage|p1a: Sonso|0 fnt\n|-heal|p2a: Buzzwole|62\/100|[from] drain|[of] p1a: Sonso\n|faint|p1a: Sonso\n|-ability|p2a: Buzzwole|Beast Boost|boost\n|-boost|p2a: Buzzwole|atk|1\n|\n|-weather|none\n|upkeep\n|\n|t:|1663721340\n|switch|p1a: Gorra|Hatterene, F|77\/100\n|-damage|p1a: Gorra|65\/100|[from] Stealth Rock\n|turn|29\n|\n|t:|1663721346\n|switch|p2a: Toxapex|Toxapex, F|91\/100\n|-damage|p2a: Toxapex|78\/100|[from] Stealth Rock\n|move|p1a: Gorra|Mystical Fire|p2a: Toxapex\n|-resisted|p2a: Toxapex\n|-damage|p2a: Toxapex|69\/100\n|-unboost|p2a: Toxapex|spa|1\n|\n|upkeep\n|turn|30\n|c|\u260664j3t3hrt3h|ye gg\n|j| Tears of Necklace\n|\n|t:|1663721358\n|switch|p1a: Falko|Drampa, M|100\/100\n|-damage|p1a: Falko|88\/100|[from] Stealth Rock\n|move|p2a: Toxapex|Recover|p2a: Toxapex\n|-heal|p2a: Toxapex|100\/100\n|\n|upkeep\n|turn|31\n|j| 6df\n|\n|t:|1663721365\n|move|p1a: Falko|Thunderbolt|p2a: Toxapex\n|-supereffective|p2a: Toxapex\n|-damage|p2a: Toxapex|29\/100\n|move|p2a: Toxapex|Toxic|p1a: Falko\n|-status|p1a: Falko|tox\n|\n|-damage|p1a: Falko|82\/100 tox|[from] psn\n|-fieldend|move: Trick Room\n|upkeep\n|turn|32\n|\n|t:|1663721374\n|move|p2a: Toxapex|Recover|p2a: Toxapex\n|-heal|p2a: Toxapex|79\/100\n|move|p1a: Falko|Thunderbolt|p2a: Toxapex\n|-supereffective|p2a: Toxapex\n|-damage|p2a: Toxapex|11\/100\n|\n|-damage|p1a: Falko|70\/100 tox|[from] psn\n|upkeep\n|turn|33\n|\n|t:|1663721392\n|move|p2a: Toxapex|Knock Off|p1a: Falko\n|-damage|p1a: Falko|54\/100 tox\n|-enditem|p1a: Falko|Expert Belt|[from] move: Knock Off|[of] p2a: Toxapex\n|move|p1a: Falko|Roost|p1a: Falko\n|-heal|p1a: Falko|100\/100 tox\n|-singleturn|p1a: Falko|move: Roost\n|\n|-damage|p1a: Falko|82\/100 tox|[from] psn\n|upkeep\n|turn|34\n|\n|t:|1663721404\n|switch|p1a: Sharpo|Garchomp, F|100\/100\n|-damage|p1a: Sharpo|94\/100|[from] Stealth Rock\n|move|p2a: Toxapex|Recover|p2a: Toxapex\n|-heal|p2a: Toxapex|61\/100\n|\n|-heal|p1a: Sharpo|100\/100|[from] item: Leftovers\n|upkeep\n|turn|35\n|\n|t:|1663721412\n|move|p1a: Sharpo|Scale Shot|p2a: Toxapex\n|-damage|p2a: Toxapex|53\/100\n|-damage|p2a: Toxapex|45\/100\n|-damage|p2a: Toxapex|37\/100\n|-hitcount|p2a: Toxapex|3\n|-unboost|p1a: Sharpo|def|1\n|-boost|p1a: Sharpo|spe|1\n|move|p2a: Toxapex|Knock Off|p1a: Sharpo\n|-damage|p1a: Sharpo|76\/100\n|-damage|p2a: Toxapex|24\/100|[from] ability: Rough Skin|[of] p1a: Sharpo\n|-enditem|p1a: Sharpo|Leftovers|[from] move: Knock Off|[of] p2a: Toxapex\n|\n|upkeep\n|turn|36\n|\n|t:|1663721424\n|move|p1a: Sharpo|Swords Dance|p1a: Sharpo\n|-boost|p1a: Sharpo|atk|2\n|move|p2a: Toxapex|Haze|p2a: Toxapex\n|-clearallboost\n|\n|upkeep\n|turn|37\n|\n|t:|1663721435\n|move|p1a: Sharpo|Swords Dance|p1a: Sharpo\n|-boost|p1a: Sharpo|atk|2\n|move|p2a: Toxapex|Haze|p2a: Toxapex\n|-clearallboost\n|\n|upkeep\n|turn|38\n|\n|t:|1663721443\n|move|p1a: Sharpo|Swords Dance|p1a: Sharpo\n|-boost|p1a: Sharpo|atk|2\n|move|p2a: Toxapex|Toxic|p1a: Sharpo\n|-status|p1a: Sharpo|tox\n|\n|-damage|p1a: Sharpo|70\/100 tox|[from] psn\n|upkeep\n|turn|39\n|\n|t:|1663721450\n|move|p1a: Sharpo|Scale Shot|p2a: Toxapex\n|-damage|p2a: Toxapex|8\/100\n|-damage|p2a: Toxapex|0 fnt\n|faint|p2a: Toxapex\n|-hitcount|p2: Toxapex|2\n|-unboost|p1a: Sharpo|def|1\n|-boost|p1a: Sharpo|spe|1\n|\n|-damage|p1a: Sharpo|57\/100 tox|[from] psn\n|upkeep\n|\n|t:|1663721453\n|switch|p2a: Buzzwole|Buzzwole|62\/100\n|-damage|p2a: Buzzwole|50\/100|[from] Stealth Rock\n|turn|40\n|\n|t:|1663721462\n|move|p1a: Sharpo|Scale Shot|p2a: Buzzwole\n|-damage|p2a: Buzzwole|30\/100\n|-damage|p2a: Buzzwole|10\/100\n|-damage|p2a: Buzzwole|0 fnt\n|faint|p2a: Buzzwole\n|-hitcount|p2: Buzzwole|3\n|\n|win|Emblema de Fuego\n|raw|Emblema de Fuego's rating: 1762 &rarr; <strong>1786<\/strong><br \/>(+24 for winning)\n|raw|64j3t3hrt3h's rating: 1827 &rarr; <strong>1803<\/strong><br \/>(-24 for losing)\n|l|\u260664j3t3hrt3h\n|l| 6df\n|l| Tears of Necklace\n||Ladder isn't responding, score probably updated but might not have (Request timeout).\n","uploadtime":1663721473,"views":30,"p1id":"emblemadefuego","p2id":"64j3t3hrt3h","formatid":"gen8ou","rating":1786,"private":0,"password":null}