{"id":"gen8ou-1599387344","p1":"gotsnsd","p2":"cornelius st.","format":"gen8ou","log":"|j|\u2606gotsnsd\n|j|\u2606cornelius st.\n|t:|1655606717\n|gametype|singles\n|player|p1|gotsnsd|beauty-gen2jp|1725\n|player|p2|cornelius st.|harlequin|1760\n|teamsize|p1|6\n|teamsize|p2|6\n|gen|8\n|tier|[Gen 8] OU\n|rated|\n|rule|Sleep Clause Mod: Limit one foe put to sleep\n|rule|Species Clause: Limit one of each Pok\u00e9mon\n|rule|OHKO Clause: OHKO moves are banned\n|rule|Evasion Moves Clause: Evasion moves are banned\n|rule|Endless Battle Clause: Forcing endless battles is banned\n|rule|HP Percentage Mod: HP is shown in percentages\n|rule|Dynamax Clause: You cannot dynamax\n|clearpoke\n|poke|p1|Kartana|\n|poke|p1|Landorus-Therian, M|\n|poke|p1|Dragapult, F|\n|poke|p1|Weavile, F|\n|poke|p1|Tyranitar, F|\n|poke|p1|Melmetal|\n|poke|p2|Obstagoon, M|\n|poke|p2|Heatran, M|\n|poke|p2|Landorus-Therian, M|\n|poke|p2|Volcanion|\n|poke|p2|Tapu Lele|\n|poke|p2|Clefable, M|\n|teampreview\n|inactive|Battle timer is ON: inactive players will automatically lose when time's up. (requested by cornelius st.)\n|\n|t:|1655606733\n|start\n|switch|p1a: Weavile|Weavile, F|100\/100\n|switch|p2a: Landorus|Landorus-Therian, M|100\/100\n|-ability|p1a: Weavile|Pressure\n|-ability|p2a: Landorus|Intimidate|boost\n|-unboost|p1a: Weavile|atk|1\n|turn|1\n|\n|t:|1655606738\n|switch|p1a: Landorus|Landorus-Therian, M|100\/100\n|-ability|p1a: Landorus|Intimidate|boost\n|-unboost|p2a: Landorus|atk|1\n|switch|p2a: Clefable|Clefable, M|100\/100\n|\n|upkeep\n|turn|2\n|\n|t:|1655606740\n|move|p1a: Landorus|Stealth Rock|p2a: Clefable\n|-sidestart|p2: cornelius st.|move: Stealth Rock\n|move|p2a: Clefable|Moonblast|p1a: Landorus\n|-damage|p1a: Landorus|64\/100\n|-unboost|p1a: Landorus|spa|1\n|-enditem|p1a: Landorus|Eject Button\n|\n|t:|1655606746\n|switch|p1a: Melmetal|Melmetal|100\/100\n|\n|upkeep\n|turn|3\n|\n|t:|1655606750\n|switch|p1a: Weavile|Weavile, F|100\/100\n|-ability|p1a: Weavile|Pressure\n|move|p2a: Clefable|Protect||[still]\n|-fail|p2a: Clefable\n|\n|upkeep\n|turn|4\n|\n|t:|1655606755\n|switch|p1a: Landorus|Landorus-Therian, M|64\/100\n|-ability|p1a: Landorus|Intimidate|boost\n|-unboost|p2a: Clefable|atk|1\n|move|p2a: Clefable|Moonblast|p1a: Landorus\n|-damage|p1a: Landorus|30\/100\n|\n|upkeep\n|turn|5\n|\n|t:|1655606759\n|move|p1a: Landorus|Knock Off|p2a: Clefable\n|-resisted|p2a: Clefable\n|-damage|p2a: Clefable|88\/100\n|-damage|p1a: Landorus|13\/100|[from] item: Rocky Helmet|[of] p2a: Clefable\n|-enditem|p2a: Clefable|Rocky Helmet|[from] move: Knock Off|[of] p1a: Landorus\n|move|p2a: Clefable|Moonblast|p1a: Landorus\n|-damage|p1a: Landorus|0 fnt\n|faint|p1a: Landorus\n|\n|upkeep\n|\n|t:|1655606770\n|switch|p1a: Melmetal|Melmetal|100\/100\n|turn|6\n|\n|t:|1655606772\n|move|p2a: Clefable|Protect|p2a: Clefable\n|-singleturn|p2a: Clefable|Protect\n|move|p1a: Melmetal|Double Iron Bash|p2a: Clefable\n|-activate|p2a: Clefable|move: Protect\n|\n|upkeep\n|turn|7\n|\n|t:|1655606775\n|switch|p2a: Landorus|Landorus-Therian, M|100\/100\n|-damage|p2a: Landorus|88\/100|[from] Stealth Rock\n|-ability|p2a: Landorus|Intimidate|boost\n|-unboost|p1a: Melmetal|atk|1\n|move|p1a: Melmetal|Thunder Wave|p2a: Landorus\n|-immune|p2a: Landorus\n|\n|upkeep\n|turn|8\n|\n|t:|1655606779\n|switch|p1a: Kartana|Kartana|100\/100\n|move|p2a: Landorus|Stealth Rock|p1a: Kartana\n|-sidestart|p1: gotsnsd|move: Stealth Rock\n|\n|upkeep\n|turn|9\n|\n|t:|1655606784\n|move|p1a: Kartana|Knock Off|p2a: Landorus\n|-damage|p2a: Landorus|53\/100\n|-damage|p1a: Kartana|84\/100|[from] item: Rocky Helmet|[of] p2a: Landorus\n|-enditem|p2a: Landorus|Rocky Helmet|[from] move: Knock Off|[of] p1a: Kartana\n|move|p2a: Landorus|U-turn|p1a: Kartana\n|-damage|p1a: Kartana|64\/100\n|-damage|p2a: Landorus|36\/100|[from] item: Rocky Helmet|[of] p1a: Kartana\n|\n|t:|1655606791\n|switch|p2a: Obstagoon|Obstagoon, M|100\/100|[from]move: U-turn\n|-damage|p2a: Obstagoon|88\/100|[from] Stealth Rock\n|\n|-status|p2a: Obstagoon|brn|[from] item: Flame Orb\n|upkeep\n|turn|10\n|\n|t:|1655606798\n|move|p1a: Kartana|Defog|p2a: Obstagoon\n|-unboost|p2a: Obstagoon|evasion|1\n|-sideend|p2: cornelius st.|Stealth Rock|[from] move: Defog|[of] p1a: Kartana\n|-sideend|p1: gotsnsd|Stealth Rock|[from] move: Defog|[of] p1a: Kartana\n|move|p2a: Obstagoon|Knock Off|p1a: Kartana\n|-damage|p1a: Kartana|4\/100\n|-damage|p2a: Obstagoon|71\/100 brn|[from] item: Rocky Helmet|[of] p1a: Kartana\n|-enditem|p1a: Kartana|Rocky Helmet|[from] move: Knock Off|[of] p2a: Obstagoon\n|\n|-damage|p2a: Obstagoon|65\/100 brn|[from] brn\n|upkeep\n|turn|11\n|\n|t:|1655606805\n|move|p1a: Kartana|Synthesis|p1a: Kartana\n|-heal|p1a: Kartana|54\/100\n|move|p2a: Obstagoon|Close Combat|p1a: Kartana\n|-supereffective|p1a: Kartana\n|-damage|p1a: Kartana|0 fnt\n|-unboost|p2a: Obstagoon|def|1\n|-unboost|p2a: Obstagoon|spd|1\n|faint|p1a: Kartana\n|\n|-damage|p2a: Obstagoon|59\/100 brn|[from] brn\n|upkeep\n|c|\u2606cornelius st.|complete atrocity of a set\n|c|\u2606cornelius st.|find god\n|\n|t:|1655606821\n|switch|p1a: Weavile|Weavile, F|100\/100\n|-ability|p1a: Weavile|Pressure\n|turn|12\n|c|\u2606gotsnsd|it works\n|c|\u2606gotsnsd|god doesn't play pokemon\n|inactive|gotsnsd has 120 seconds left.\n|\n|t:|1655606849\n|switch|p2a: Clefable|Clefable, M|88\/100\n|move|p1a: Weavile|Low Kick|p2a: Clefable\n|-resisted|p2a: Clefable\n|-damage|p2a: Clefable|76\/100\n|\n|upkeep\n|turn|13\n|c|\u2606cornelius st.|ur based for that one\n|\n|t:|1655606863\n|switch|p1a: Melmetal|Melmetal|100\/100\n|move|p2a: Clefable|Moonblast|p1a: Melmetal\n|-resisted|p1a: Melmetal\n|-damage|p1a: Melmetal|85\/100\n|-unboost|p1a: Melmetal|spa|1\n|\n|upkeep\n|turn|14\n|\n|t:|1655606868\n|move|p2a: Clefable|Protect|p2a: Clefable\n|-singleturn|p2a: Clefable|Protect\n|move|p1a: Melmetal|Double Iron Bash|p2a: Clefable\n|-activate|p2a: Clefable|move: Protect\n|\n|upkeep\n|turn|15\n|\n|t:|1655606873\n|switch|p2a: Heatran|Heatran, M|100\/100\n|-item|p2a: Heatran|Air Balloon\n|move|p1a: Melmetal|Double Iron Bash|p2a: Heatran\n|-resisted|p2a: Heatran\n|-damage|p2a: Heatran|89\/100\n|-enditem|p2a: Heatran|Air Balloon\n|-resisted|p2a: Heatran\n|-damage|p2a: Heatran|78\/100\n|-hitcount|p2a: Heatran|2\n|\n|upkeep\n|turn|16\n|\n|t:|1655606877\n|switch|p1a: Tyranitar|Tyranitar, F|100\/100\n|-weather|Sandstorm|[from] ability: Sand Stream|[of] p1a: Tyranitar\n|move|p2a: Heatran|Eruption|p1a: Tyranitar\n|-resisted|p1a: Tyranitar\n|-damage|p1a: Tyranitar|79\/100\n|\n|-weather|Sandstorm|[upkeep]\n|upkeep\n|turn|17\n|\n|t:|1655606887\n|switch|p2a: Landorus|Landorus-Therian, M|36\/100\n|-ability|p2a: Landorus|Intimidate|boost\n|-unboost|p1a: Tyranitar|atk|1\n|move|p1a: Tyranitar|Crunch|p2a: Landorus\n|-damage|p2a: Landorus|0 fnt\n|faint|p2a: Landorus\n|\n|-weather|Sandstorm|[upkeep]\n|upkeep\n|\n|t:|1655606893\n|switch|p2a: Obstagoon|Obstagoon, M|59\/100 brn\n|turn|18\n|\n|t:|1655606896\n|switch|p1a: Dragapult|Dragapult, F|100\/100\n|move|p2a: Obstagoon|Knock Off|p1a: Dragapult\n|-supereffective|p1a: Dragapult\n|-damage|p1a: Dragapult|0 fnt\n|-enditem|p1a: Dragapult|Choice Band|[from] move: Knock Off|[of] p2a: Obstagoon\n|faint|p1a: Dragapult\n|\n|-weather|Sandstorm|[upkeep]\n|-damage|p2a: Obstagoon|53\/100 brn|[from] Sandstorm\n|-damage|p2a: Obstagoon|47\/100 brn|[from] brn\n|upkeep\n|\n|t:|1655606900\n|switch|p1a: Weavile|Weavile, F|100\/100\n|-ability|p1a: Weavile|Pressure\n|turn|19\n|\n|t:|1655606907\n|switch|p2a: Clefable|Clefable, M|76\/100\n|move|p1a: Weavile|Triple Axel|p2a: Clefable|[miss]\n|-miss|p1a: Weavile|p2a: Clefable\n|\n|-weather|Sandstorm|[upkeep]\n|-damage|p1a: Weavile|94\/100|[from] Sandstorm\n|upkeep\n|turn|20\n|\n|t:|1655606912\n|switch|p1a: Melmetal|Melmetal|85\/100\n|move|p2a: Clefable|Teleport|p2a: Clefable\n|\n|t:|1655606914\n|switch|p2a: Heatran|Heatran, M|78\/100|[from]move: Teleport\n|\n|-weather|none\n|upkeep\n|turn|21\n|\n|t:|1655606919\n|move|p2a: Heatran|Eruption|p1a: Melmetal\n|-supereffective|p1a: Melmetal\n|-damage|p1a: Melmetal|0 fnt\n|faint|p1a: Melmetal\n|\n|upkeep\n|\n|t:|1655606924\n|switch|p1a: Tyranitar|Tyranitar, F|79\/100\n|-weather|Sandstorm|[from] ability: Sand Stream|[of] p1a: Tyranitar\n|turn|22\n|\n|t:|1655606929\n|move|p2a: Heatran|Earth Power|p1a: Tyranitar\n|-supereffective|p1a: Tyranitar\n|-damage|p1a: Tyranitar|33\/100\n|move|p1a: Tyranitar|Earthquake|p2a: Heatran\n|-supereffective|p2a: Heatran\n|-damage|p2a: Heatran|0 fnt\n|faint|p2a: Heatran\n|\n|-weather|Sandstorm|[upkeep]\n|upkeep\n|\n|t:|1655606931\n|switch|p2a: Tapu Lele|Tapu Lele|100\/100\n|-fieldstart|move: Psychic Terrain|[from] ability: Psychic Surge|[of] p2a: Tapu Lele\n|turn|23\n|\n|t:|1655606936\n|move|p2a: Tapu Lele|Moonblast|p1a: Tyranitar\n|-supereffective|p1a: Tyranitar\n|-damage|p1a: Tyranitar|0 fnt\n|faint|p1a: Tyranitar\n|\n|-weather|Sandstorm|[upkeep]\n|-damage|p2a: Tapu Lele|94\/100|[from] Sandstorm\n|upkeep\n|-message|gotsnsd forfeited.\n|\n|win|cornelius st.\n|raw|gotsnsd's rating: 1725 &rarr; <strong>1707<\/strong><br \/>(-18 for losing)\n|raw|cornelius st.'s rating: 1760 &rarr; <strong>1778<\/strong><br \/>(+18 for winning)\n|l|\u2606gotsnsd\n||Ladder isn't responding, score probably updated but might not have (Request timeout).\n","uploadtime":1655606961,"views":12,"p1id":"gotsnsd","p2id":"corneliusst","formatid":"gen8ou","rating":1707,"private":0,"password":null}