{"id":"gen8ou-1681871426","p1":"ty-tyui\u21bb","p2":"PinkSoup","format":"gen8ou","log":"|j|\u2606ty-tyui\u21bb\n|j|\u2606PinkSoup\n|t:|1665360450\n|gametype|singles\n|player|p1|ty-tyui\u21bb|kamado|1629\n|player|p2|PinkSoup|argenta|1665\n|teamsize|p1|6\n|teamsize|p2|6\n|gen|8\n|tier|[Gen 8] OU\n|rated|\n|rule|Sleep Clause Mod: Limit one foe put to sleep\n|rule|Species Clause: Limit one of each Pok\u00e9mon\n|rule|OHKO Clause: OHKO moves are banned\n|rule|Evasion Items Clause: Evasion items are banned\n|rule|Evasion Moves Clause: Evasion moves are banned\n|rule|Endless Battle Clause: Forcing endless battles is banned\n|rule|HP Percentage Mod: HP is shown in percentages\n|rule|Dynamax Clause: You cannot dynamax\n|clearpoke\n|poke|p1|Mienshao, F|\n|poke|p1|Ninetales-Alola, M|\n|poke|p1|Blacephalon|\n|poke|p1|Landorus-Therian, M|\n|poke|p1|Corviknight, M|\n|poke|p1|Rotom-Wash|\n|poke|p2|Hydreigon, F|\n|poke|p2|Urshifu-*, M|\n|poke|p2|Swampert, M|\n|poke|p2|Skarmory, F|\n|poke|p2|Thundurus, M|\n|poke|p2|Zoroark, M|\n|teampreview\n|inactive|Battle timer is ON: inactive players will automatically lose when time's up. (requested by PinkSoup)\n|j| RazorForce21\n|inactive|PinkSoup has 120 seconds left.\n|c|\u2606PinkSoup|cool avatar\n|j| qiged\n|inactive|PinkSoup has 90 seconds left.\n|inactive|PinkSoup has 60 seconds left.\n|\n|t:|1665360545\n|start\n|switch|p1a: Ninetales|Ninetales-Alola, M|100\/100\n|switch|p2a: Blunderus|Thundurus, M, shiny|100\/100\n|-weather|Hail|[from] ability: Snow Warning|[of] p1a: Ninetales\n|turn|1\n|\n|t:|1665360554\n|move|p2a: Blunderus|Knock Off|p1a: Ninetales\n|-resisted|p1a: Ninetales\n|-damage|p1a: Ninetales|73\/100\n|-enditem|p1a: Ninetales|Choice Specs|[from] move: Knock Off|[of] p2a: Blunderus\n|move|p1a: Ninetales|Blizzard|p2a: Blunderus\n|-supereffective|p2a: Blunderus\n|-damage|p2a: Blunderus|0 fnt\n|faint|p2a: Blunderus\n|\n|-weather|Hail|[upkeep]\n|upkeep\n|\n|t:|1665360569\n|switch|p2a: Greek Salad|Skarmory, F, shiny|100\/100\n|turn|2\n|\n|t:|1665360571\n|move|p1a: Ninetales|Blizzard|p2a: Greek Salad\n|-damage|p2a: Greek Salad|6\/100\n|replace|p2a: Amogus|Zoroark, M, shiny\n|-end|p2a: Amogus|Illusion\n|move|p2a: Amogus|Sludge Bomb|p1a: Ninetales\n|-supereffective|p1a: Ninetales\n|-damage|p1a: Ninetales|0 fnt\n|faint|p1a: Ninetales\n|-damage|p2a: Amogus|0 fnt|[from] item: Life Orb\n|faint|p2a: Amogus\n|\n|-weather|Hail|[upkeep]\n|upkeep\n|inactive|PinkSoup has 120 seconds left.\n|\n|t:|1665360602\n|switch|p1a: Mienshao|Mienshao, F, shiny|100\/100\n|switch|p2a: Aniki|Urshifu-Rapid-Strike, M|100\/100\n|turn|3\n|j| SceptileChad\n|inactive|PinkSoup has 120 seconds left.\n|\n|t:|1665360607\n|move|p1a: Mienshao|U-turn|p2a: Aniki\n|-resisted|p2a: Aniki\n|-damage|p2a: Aniki|86\/100\n|-damage|p1a: Mienshao|91\/100|[from] item: Life Orb\n|\n|t:|1665360616\n|switch|p1a: Corviknight|Corviknight, M|100\/100|[from]move: U-turn\n|-ability|p1a: Corviknight|Pressure\n|move|p2a: Aniki|Close Combat|p1a: Corviknight\n|-damage|p1a: Corviknight|33\/100\n|-unboost|p2a: Aniki|def|1\n|-unboost|p2a: Aniki|spd|1\n|-damage|p2a: Aniki|70\/100|[from] item: Rocky Helmet|[of] p1a: Corviknight\n|\n|-weather|Hail|[upkeep]\n|-damage|p2a: Aniki|63\/100|[from] Hail\n|-damage|p1a: Corviknight|27\/100|[from] Hail\n|upkeep\n|turn|4\n|\n|t:|1665360624\n|switch|p2a: L'Aggron|Swampert, M|100\/100\n|switch|p1a: Blacephalon|Blacephalon, shiny|100\/100\n|\n|-weather|Hail|[upkeep]\n|-damage|p1a: Blacephalon|94\/100|[from] Hail\n|-damage|p2a: L'Aggron|94\/100|[from] Hail\n|-heal|p2a: L'Aggron|100\/100|[from] item: Leftovers\n|upkeep\n|turn|5\n|\n|t:|1665360629\n|switch|p1a: Landorus|Landorus-Therian, M|100\/100\n|-ability|p1a: Landorus|Intimidate|boost\n|-unboost|p2a: L'Aggron|atk|1\n|move|p2a: L'Aggron|Flip Turn|p1a: Landorus\n|-supereffective|p1a: Landorus\n|-damage|p1a: Landorus|72\/100\n|\n|t:|1665360638\n|switch|p2a: Aniki|Urshifu-Rapid-Strike, M|63\/100|[from]move: Flip Turn\n|\n|-weather|none\n|-heal|p1a: Landorus|78\/100|[from] item: Leftovers\n|upkeep\n|turn|6\n|\n|t:|1665360645\n|switch|p1a: Rotom|Rotom-Wash|100\/100\n|move|p2a: Aniki|Surging Strikes|p1a: Rotom\n|-resisted|p1a: Rotom\n|-crit|p1a: Rotom\n|-damage|p1a: Rotom|86\/100\n|-resisted|p1a: Rotom\n|-crit|p1a: Rotom\n|-damage|p1a: Rotom|69\/100\n|-resisted|p1a: Rotom\n|-crit|p1a: Rotom\n|-damage|p1a: Rotom|54\/100\n|-hitcount|p1a: Rotom|3\n|\n|-heal|p1a: Rotom|60\/100|[from] item: Leftovers\n|upkeep\n|turn|7\n|\n|t:|1665360652\n|switch|p2a: L'Aggron|Swampert, M|100\/100\n|switch|p1a: Mienshao|Mienshao, F, shiny|100\/100\n|\n|upkeep\n|turn|8\n|\n|t:|1665360660\n|switch|p2a: Greek Salad|Skarmory, F, shiny|100\/100\n|move|p1a: Mienshao|Knock Off|p2a: Greek Salad\n|-damage|p2a: Greek Salad|74\/100\n|-damage|p1a: Mienshao|84\/100|[from] item: Rocky Helmet|[of] p2a: Greek Salad\n|-enditem|p2a: Greek Salad|Rocky Helmet|[from] move: Knock Off|[of] p1a: Mienshao\n|-damage|p1a: Mienshao|74\/100|[from] item: Life Orb\n|\n|upkeep\n|turn|9\n|\n|t:|1665360669\n|switch|p2a: L'Aggron|Swampert, M|100\/100\n|move|p1a: Mienshao|Close Combat|p2a: L'Aggron\n|-damage|p2a: L'Aggron|30\/100\n|-unboost|p1a: Mienshao|def|1\n|-unboost|p1a: Mienshao|spd|1\n|-damage|p1a: Mienshao|64\/100|[from] item: Life Orb\n|\n|-heal|p2a: L'Aggron|36\/100|[from] item: Leftovers\n|upkeep\n|turn|10\n|\n|t:|1665360676\n|switch|p2a: Greek Salad|Skarmory, F, shiny|74\/100\n|move|p1a: Mienshao|Close Combat|p2a: Greek Salad\n|-damage|p2a: Greek Salad|28\/100\n|-unboost|p1a: Mienshao|def|1\n|-unboost|p1a: Mienshao|spd|1\n|-damage|p1a: Mienshao|54\/100|[from] item: Life Orb\n|\n|upkeep\n|turn|11\n|\n|t:|1665360682\n|move|p1a: Mienshao|Close Combat|p2a: Greek Salad\n|-damage|p2a: Greek Salad|0 fnt\n|-unboost|p1a: Mienshao|def|1\n|-unboost|p1a: Mienshao|spd|1\n|faint|p2a: Greek Salad\n|-damage|p1a: Mienshao|44\/100|[from] item: Life Orb\n|\n|upkeep\n|\n|t:|1665360685\n|switch|p2a: Aniki|Urshifu-Rapid-Strike, M|63\/100\n|turn|12\n|\n|t:|1665360691\n|switch|p1a: Rotom|Rotom-Wash|60\/100\n|move|p2a: Aniki|Surging Strikes|p1a: Rotom\n|-resisted|p1a: Rotom\n|-crit|p1a: Rotom\n|-damage|p1a: Rotom|46\/100\n|-resisted|p1a: Rotom\n|-crit|p1a: Rotom\n|-damage|p1a: Rotom|29\/100\n|-resisted|p1a: Rotom\n|-crit|p1a: Rotom\n|-damage|p1a: Rotom|13\/100\n|-hitcount|p1a: Rotom|3\n|\n|-heal|p1a: Rotom|20\/100|[from] item: Leftovers\n|upkeep\n|turn|13\n|j| BabyPigsAreLaughin\n|\n|t:|1665360695\n|switch|p1a: Corviknight|Corviknight, M|27\/100\n|-ability|p1a: Corviknight|Pressure\n|move|p2a: Aniki|Surging Strikes|p1a: Corviknight\n|-crit|p1a: Corviknight\n|-damage|p1a: Corviknight|7\/100\n|-damage|p2a: Aniki|47\/100|[from] item: Rocky Helmet|[of] p1a: Corviknight\n|-crit|p1a: Corviknight\n|-damage|p1a: Corviknight|0 fnt\n|-damage|p2a: Aniki|30\/100|[from] item: Rocky Helmet|[of] p1a: Corviknight\n|faint|p1a: Corviknight\n|-hitcount|p1: Corviknight|2\n|\n|upkeep\n|\n|t:|1665360700\n|switch|p1a: Mienshao|Mienshao, F, shiny|77\/100\n|turn|14\n|\n|t:|1665360704\n|move|p1a: Mienshao|Close Combat|p2a: Aniki\n|-damage|p2a: Aniki|0 fnt\n|-unboost|p1a: Mienshao|def|1\n|-unboost|p1a: Mienshao|spd|1\n|faint|p2a: Aniki\n|-damage|p1a: Mienshao|67\/100|[from] item: Life Orb\n|\n|upkeep\n|\n|t:|1665360708\n|switch|p2a: Hater|Hydreigon, F, shiny|100\/100\n|turn|15\n|\n|t:|1665360712\n|move|p1a: Mienshao|Close Combat|p2a: Hater\n|-supereffective|p2a: Hater\n|-damage|p2a: Hater|0 fnt\n|-unboost|p1a: Mienshao|def|1\n|-unboost|p1a: Mienshao|spd|1\n|faint|p2a: Hater\n|-damage|p1a: Mienshao|57\/100|[from] item: Life Orb\n|\n|upkeep\n|c|\u2606ty-tyui\u21bb|gg\n|c|\u2606PinkSoup|gg\n|c|\u2606PinkSoup|cool team\n|l| qiged\n|c|\u2606ty-tyui\u21bb|ty\n|\n|t:|1665360730\n|switch|p2a: L'Aggron|Swampert, M|36\/100\n|turn|16\n|c|\u2606ty-tyui\u21bb|you too\n|\n|t:|1665360733\n|move|p1a: Mienshao|Close Combat|p2a: L'Aggron\n|-damage|p2a: L'Aggron|0 fnt\n|-unboost|p1a: Mienshao|def|1\n|-unboost|p1a: Mienshao|spd|1\n|faint|p2a: L'Aggron\n|-damage|p1a: Mienshao|47\/100|[from] item: Life Orb\n|\n|win|ty-tyui\u21bb\n|raw|ty-tyui\u21bb's rating: 1629 &rarr; <strong>1651<\/strong><br \/>(+22 for winning)\n|raw|PinkSoup's rating: 1665 &rarr; <strong>1643<\/strong><br \/>(-22 for losing)\n|l|\u2606PinkSoup\n","uploadtime":1665360746,"views":25,"p1id":"tytyui","p2id":"pinksoup","formatid":"gen8ou","rating":1643,"private":0,"password":null}