{"id":"gen8ou-1631941680","p1":"LT91BB N","p2":"dmt dreams","format":"gen8ou","log":"|raw|<div class=\"broadcast-blue\"><strong>This battle is required to be public due to a player having a name starting with 'lt91bb'.<\/div>\n|j|\u2606LT91BB N\n|j|\u2606dmt dreams\n|t:|1659601187\n|gametype|singles\n|player|p1|LT91BB N|blue-gen3|1981\n|player|p2|dmt dreams|byron|1959\n|teamsize|p1|6\n|teamsize|p2|6\n|gen|8\n|tier|[Gen 8] OU\n|rated|\n|rule|Sleep Clause Mod: Limit one foe put to sleep\n|rule|Species Clause: Limit one of each Pok\u00e9mon\n|rule|OHKO Clause: OHKO moves are banned\n|rule|Evasion Items Clause: Evasion items are banned\n|rule|Evasion Moves Clause: Evasion moves are banned\n|rule|Endless Battle Clause: Forcing endless battles is banned\n|rule|HP Percentage Mod: HP is shown in percentages\n|rule|Dynamax Clause: You cannot dynamax\n|clearpoke\n|poke|p1|Garchomp, M|\n|poke|p1|Rillaboom, M|\n|poke|p1|Hawlucha, M|\n|poke|p1|Ninetales-Alola, F|\n|poke|p1|Weavile, M|\n|poke|p1|Heatran, M|\n|poke|p2|Mew|\n|poke|p2|Landorus-Therian, M|\n|poke|p2|Nihilego|\n|poke|p2|Zeraora|\n|poke|p2|Celesteela|\n|poke|p2|Dragapult, M|\n|teampreview\n|inactive|Battle timer is ON: inactive players will automatically lose when time's up. (requested by LT91BB N)\n|j| Lunarr\n|\n|t:|1659601200\n|start\n|switch|p1a: Weavile|Weavile, M|100\/100\n|switch|p2a: Mew|Mew|100\/100\n|-ability|p1a: Weavile|Pressure\n|turn|1\n|\n|t:|1659601227\n|move|p1a: Weavile|Knock Off|p2a: Mew\n|-supereffective|p2a: Mew\n|-damage|p2a: Mew|17\/100\n|-enditem|p2a: Mew|Kasib Berry|[from] move: Knock Off|[of] p1a: Weavile\n|move|p2a: Mew|Stealth Rock|p1a: Weavile\n|-sidestart|p1: LT91BB N|move: Stealth Rock\n|\n|upkeep\n|turn|2\n|\n|t:|1659601234\n|move|p1a: Weavile|Knock Off|p2a: Mew\n|-supereffective|p2a: Mew\n|-damage|p2a: Mew|0 fnt\n|faint|p2a: Mew\n|\n|upkeep\n|\n|t:|1659601236\n|switch|p2a: Zeraora|Zeraora|100\/100\n|turn|3\n|\n|t:|1659601240\n|switch|p1a: Garchomp|Garchomp, M|100\/100\n|-damage|p1a: Garchomp|94\/100|[from] Stealth Rock\n|move|p2a: Zeraora|Close Combat|p1a: Garchomp\n|-damage|p1a: Garchomp|56\/100\n|-unboost|p2a: Zeraora|def|1\n|-unboost|p2a: Zeraora|spd|1\n|-damage|p2a: Zeraora|88\/100|[from] ability: Rough Skin|[of] p1a: Garchomp\n|\n|upkeep\n|turn|4\n|\n|t:|1659601244\n|move|p2a: Zeraora|Knock Off|p1a: Garchomp\n|-damage|p1a: Garchomp|26\/100\n|-damage|p2a: Zeraora|76\/100|[from] ability: Rough Skin|[of] p1a: Garchomp\n|-enditem|p1a: Garchomp|Life Orb|[from] move: Knock Off|[of] p2a: Zeraora\n|move|p1a: Garchomp|Swords Dance|p1a: Garchomp\n|-boost|p1a: Garchomp|atk|2\n|\n|upkeep\n|turn|5\n|\n|t:|1659601247\n|switch|p1a: Heatran|Heatran, M|100\/100\n|-damage|p1a: Heatran|88\/100|[from] Stealth Rock\n|-item|p1a: Heatran|Air Balloon\n|move|p2a: Zeraora|Close Combat|p1a: Heatran\n|-supereffective|p1a: Heatran\n|-damage|p1a: Heatran|37\/100\n|-unboost|p2a: Zeraora|def|1\n|-unboost|p2a: Zeraora|spd|1\n|-enditem|p1a: Heatran|Air Balloon\n|\n|upkeep\n|turn|6\n|\n|t:|1659601252\n|move|p2a: Zeraora|Close Combat|p1a: Heatran\n|-supereffective|p1a: Heatran\n|-damage|p1a: Heatran|0 fnt\n|-unboost|p2a: Zeraora|def|1\n|-unboost|p2a: Zeraora|spd|1\n|faint|p1a: Heatran\n|\n|upkeep\n|\n|t:|1659601254\n|switch|p1a: Rillaboom|Rillaboom, M|100\/100\n|-damage|p1a: Rillaboom|88\/100|[from] Stealth Rock\n|-fieldstart|move: Grassy Terrain|[from] ability: Grassy Surge|[of] p1a: Rillaboom\n|turn|7\n|\n|t:|1659601257\n|move|p2a: Zeraora|Taunt|p1a: Rillaboom\n|-start|p1a: Rillaboom|move: Taunt\n|cant|p1a: Rillaboom|move: Taunt|Swords Dance\n|\n|-heal|p2a: Zeraora|82\/100|[from] Grassy Terrain\n|-heal|p1a: Rillaboom|94\/100|[from] Grassy Terrain\n|upkeep\n|turn|8\n|\n|t:|1659601266\n|switch|p2a: Landorus|Landorus-Therian, M|100\/100\n|-ability|p2a: Landorus|Intimidate|boost\n|-unboost|p1a: Rillaboom|atk|1\n|move|p1a: Rillaboom|Knock Off|p2a: Landorus\n|-damage|p2a: Landorus|61\/100\n|-enditem|p2a: Landorus|Soft Sand|[from] move: Knock Off|[of] p1a: Rillaboom\n|-damage|p1a: Rillaboom|84\/100|[from] item: Life Orb\n|\n|-heal|p1a: Rillaboom|91\/100|[from] Grassy Terrain\n|upkeep\n|turn|9\n|inactive|LT91BB N has 120 seconds left.\n|j| LT91BB Storm\n|j| jgjsj\n|\n|t:|1659601320\n|switch|p2a: Zeraora|Zeraora|82\/100\n|switch|p1a: Ninetales|Ninetales-Alola, F|100\/100\n|-damage|p1a: Ninetales|76\/100|[from] Stealth Rock\n|-weather|Hail|[from] ability: Snow Warning|[of] p1a: Ninetales\n|\n|-weather|Hail|[upkeep]\n|-damage|p2a: Zeraora|76\/100|[from] Hail\n|-heal|p2a: Zeraora|82\/100|[from] Grassy Terrain\n|-heal|p1a: Ninetales|82\/100|[from] Grassy Terrain\n|upkeep\n|turn|10\n|\n|t:|1659601330\n|switch|p1a: Rillaboom|Rillaboom, M|91\/100\n|-damage|p1a: Rillaboom|78\/100|[from] Stealth Rock\n|move|p2a: Zeraora|Taunt|p1a: Rillaboom\n|-start|p1a: Rillaboom|move: Taunt\n|\n|-weather|Hail|[upkeep]\n|-damage|p2a: Zeraora|76\/100|[from] Hail\n|-damage|p1a: Rillaboom|72\/100|[from] Hail\n|-heal|p2a: Zeraora|82\/100|[from] Grassy Terrain\n|-heal|p1a: Rillaboom|78\/100|[from] Grassy Terrain\n|upkeep\n|turn|11\n|inactive|LT91BB N has 90 seconds left.\n|\n|t:|1659601363\n|move|p1a: Rillaboom|Grassy Glide|p2a: Zeraora\n|-damage|p2a: Zeraora|0 fnt\n|faint|p2a: Zeraora\n|-damage|p1a: Rillaboom|68\/100|[from] item: Life Orb\n|\n|-weather|Hail|[upkeep]\n|-damage|p1a: Rillaboom|62\/100|[from] Hail\n|-heal|p1a: Rillaboom|68\/100|[from] Grassy Terrain\n|-fieldend|move: Grassy Terrain\n|upkeep\n|\n|t:|1659601366\n|switch|p2a: Celesteela|Celesteela|100\/100\n|turn|12\n|inactive|LT91BB N has 90 seconds left.\n|\n|t:|1659601373\n|move|p1a: Rillaboom|Superpower|p2a: Celesteela\n|-damage|p2a: Celesteela|43\/100\n|-unboost|p1a: Rillaboom|atk|1\n|-unboost|p1a: Rillaboom|def|1\n|-damage|p1a: Rillaboom|58\/100|[from] item: Life Orb\n|move|p2a: Celesteela|Autotomize|p2a: Celesteela\n|-boost|p2a: Celesteela|spe|2\n|-start|p2a: Celesteela|Autotomize\n|\n|-weather|Hail|[upkeep]\n|-damage|p2a: Celesteela|38\/100|[from] Hail\n|-damage|p1a: Rillaboom|52\/100|[from] Hail\n|-end|p1a: Rillaboom|move: Taunt\n|upkeep\n|turn|13\n|inactive|LT91BB N has 90 seconds left.\n|\n|t:|1659601384\n|switch|p1a: Garchomp|Garchomp, M|26\/100\n|-damage|p1a: Garchomp|20\/100|[from] Stealth Rock\n|move|p2a: Celesteela|Autotomize|p2a: Celesteela\n|-boost|p2a: Celesteela|spe|2\n|-start|p2a: Celesteela|Autotomize\n|\n|-weather|none\n|upkeep\n|turn|14\n|\n|t:|1659601389\n|switch|p1a: Ninetales|Ninetales-Alola, F|82\/100\n|-damage|p1a: Ninetales|57\/100|[from] Stealth Rock\n|-weather|Hail|[from] ability: Snow Warning|[of] p1a: Ninetales\n|move|p2a: Celesteela|Meteor Beam||[still]\n|-prepare|p2a: Celesteela|Meteor Beam\n|-boost|p2a: Celesteela|spa|1\n|-enditem|p2a: Celesteela|Power Herb\n|-anim|p2a: Celesteela|Meteor Beam|p1a: Ninetales\n|-supereffective|p1a: Ninetales\n|-damage|p1a: Ninetales|0 fnt\n|faint|p1a: Ninetales\n|-ability|p2a: Celesteela|Beast Boost|boost\n|-boost|p2a: Celesteela|spa|1\n|\n|-weather|Hail|[upkeep]\n|-damage|p2a: Celesteela|32\/100|[from] Hail\n|upkeep\n|inactive|LT91BB N has 90 seconds left.\n|\n|t:|1659601429\n|switch|p1a: Garchomp|Garchomp, M|20\/100\n|-damage|p1a: Garchomp|14\/100|[from] Stealth Rock\n|turn|15\n|\n|t:|1659601445\n|move|p2a: Celesteela|Air Slash|p1a: Garchomp\n|-damage|p1a: Garchomp|0 fnt\n|faint|p1a: Garchomp\n|-ability|p2a: Celesteela|Beast Boost|boost\n|-boost|p2a: Celesteela|spa|1\n|\n|-weather|Hail|[upkeep]\n|-damage|p2a: Celesteela|26\/100|[from] Hail\n|upkeep\n|inactive|LT91BB N has 60 seconds left.\n|\n|t:|1659601466\n|switch|p1a: Weavile|Weavile, M|100\/100\n|-damage|p1a: Weavile|76\/100|[from] Stealth Rock\n|-ability|p1a: Weavile|Pressure\n|turn|16\n|\n|t:|1659601469\n|move|p1a: Weavile|Ice Shard|p2a: Celesteela\n|-damage|p2a: Celesteela|2\/100\n|move|p2a: Celesteela|Flash Cannon|p1a: Weavile\n|-supereffective|p1a: Weavile\n|-damage|p1a: Weavile|0 fnt\n|faint|p1a: Weavile\n|-ability|p2a: Celesteela|Beast Boost|boost\n|-boost|p2a: Celesteela|spa|1\n|\n|-weather|Hail|[upkeep]\n|-damage|p2a: Celesteela|0 fnt|[from] Hail\n|faint|p2a: Celesteela\n|upkeep\n|inactive|dmt dreams has 120 seconds left.\n|\n|t:|1659601511\n|switch|p1a: Rillaboom|Rillaboom, M|52\/100\n|switch|p2a: Landorus|Landorus-Therian, M|61\/100\n|-ability|p2a: Landorus|Intimidate|boost\n|-unboost|p1a: Rillaboom|atk|1\n|-damage|p1a: Rillaboom|40\/100|[from] Stealth Rock\n|-fieldstart|move: Grassy Terrain|[from] ability: Grassy Surge|[of] p1a: Rillaboom\n|turn|17\n|\n|t:|1659601520\n|switch|p2a: Nihilego|Nihilego|100\/100\n|move|p1a: Rillaboom|Grassy Glide|p2a: Nihilego\n|-damage|p2a: Nihilego|20\/100\n|-damage|p1a: Rillaboom|30\/100|[from] item: Life Orb\n|\n|-weather|Hail|[upkeep]\n|-damage|p2a: Nihilego|14\/100|[from] Hail\n|-damage|p1a: Rillaboom|23\/100|[from] Hail\n|-heal|p2a: Nihilego|20\/100|[from] Grassy Terrain\n|-heal|p1a: Rillaboom|30\/100|[from] Grassy Terrain\n|upkeep\n|turn|18\n|\n|t:|1659601526\n|switch|p2a: Landorus|Landorus-Therian, M|61\/100\n|-ability|p2a: Landorus|Intimidate|boost\n|-unboost|p1a: Rillaboom|atk|1\n|move|p1a: Rillaboom|Grassy Glide|p2a: Landorus\n|-damage|p2a: Landorus|22\/100\n|-damage|p1a: Rillaboom|20\/100|[from] item: Life Orb\n|\n|-weather|none\n|-heal|p1a: Rillaboom|26\/100|[from] Grassy Terrain\n|upkeep\n|turn|19\n|inactive|LT91BB N has 90 seconds left.\n|\n|t:|1659601537\n|switch|p2a: Nihilego|Nihilego|20\/100\n|move|p1a: Rillaboom|Grassy Glide|p2a: Nihilego\n|-damage|p2a: Nihilego|0 fnt\n|faint|p2a: Nihilego\n|-damage|p1a: Rillaboom|16\/100|[from] item: Life Orb\n|\n|-heal|p1a: Rillaboom|22\/100|[from] Grassy Terrain\n|upkeep\n|\n|t:|1659601542\n|switch|p2a: Dragapult|Dragapult, M|100\/100\n|turn|20\n|inactive|LT91BB N has 90 seconds left.\n|\n|t:|1659601561\n|move|p2a: Dragapult|Dragon Dance|p2a: Dragapult\n|-boost|p2a: Dragapult|atk|1\n|-boost|p2a: Dragapult|spe|1\n|move|p1a: Rillaboom|Knock Off|p2a: Dragapult\n|-supereffective|p2a: Dragapult\n|-damage|p2a: Dragapult|37\/100\n|-enditem|p2a: Dragapult|Life Orb|[from] move: Knock Off|[of] p1a: Rillaboom\n|-damage|p1a: Rillaboom|12\/100|[from] item: Life Orb\n|\n|-heal|p2a: Dragapult|43\/100|[from] Grassy Terrain\n|-heal|p1a: Rillaboom|19\/100|[from] Grassy Terrain\n|upkeep\n|turn|21\n|inactive|LT91BB N has 90 seconds left.\n|\n|t:|1659601571\n|switch|p1a: Hawlucha|Hawlucha, M|100\/100\n|-damage|p1a: Hawlucha|88\/100|[from] Stealth Rock\n|-enditem|p1a: Hawlucha|Grassy Seed\n|-boost|p1a: Hawlucha|def|1|[from] item: Grassy Seed\n|move|p2a: Dragapult|Dragon Dance|p2a: Dragapult\n|-boost|p2a: Dragapult|atk|1\n|-boost|p2a: Dragapult|spe|1\n|\n|-heal|p2a: Dragapult|49\/100|[from] Grassy Terrain\n|-fieldend|move: Grassy Terrain\n|upkeep\n|turn|22\n|\n|t:|1659601577\n|move|p2a: Dragapult|Dragon Darts|p1a: Hawlucha\n|-damage|p1a: Hawlucha|38\/100\n|-anim|p2a: Dragapult|Dragon Darts|p1a: Hawlucha\n|-damage|p1a: Hawlucha|0 fnt\n|faint|p1a: Hawlucha\n|\n|upkeep\n|\n|t:|1659601580\n|switch|p1a: Rillaboom|Rillaboom, M|19\/100\n|-damage|p1a: Rillaboom|6\/100|[from] Stealth Rock\n|-fieldstart|move: Grassy Terrain|[from] ability: Grassy Surge|[of] p1a: Rillaboom\n|turn|23\n|-message|LT91BB N forfeited.\n|\n|win|dmt dreams\n|raw|LT91BB N's rating: 1959 &rarr; <strong>1939<\/strong><br \/>(-20 for losing)\n|raw|dmt dreams's rating: 1959 &rarr; <strong>1979<\/strong><br \/>(+20 for winning)\n|l|\u2606LT91BB N\n|c|\u2606dmt dreams|GG\n|l| Lunarr\n","uploadtime":1659601588,"views":139,"p1id":"lt91bbn","p2id":"dmtdreams","formatid":"gen8ou","rating":1939,"private":0,"password":null}