{"id":"gen8ou-1398093491","p1":"cump3","p2":"chinmaydagod","format":"gen8ou","log":"|j|\u2606cump3\n|j|\u2606chinmaydagod\n|t:|1629177257\n|gametype|singles\n|player|p1|cump3|volkner|1515\n|player|p2|chinmaydagod|lucas|1520\n|teamsize|p1|6\n|teamsize|p2|6\n|gen|8\n|tier|[Gen 8] OU\n|rated|\n|rule|Sleep Clause Mod: Limit one foe put to sleep\n|rule|Species Clause: Limit one of each Pok\u00e9mon\n|rule|OHKO Clause: OHKO moves are banned\n|rule|Evasion Moves Clause: Evasion moves are banned\n|rule|Endless Battle Clause: Forcing endless battles is banned\n|rule|HP Percentage Mod: HP is shown in percentages\n|rule|Dynamax Clause: You cannot dynamax\n|clearpoke\n|poke|p1|Garchomp, F|\n|poke|p1|Urshifu-*, M|\n|poke|p1|Tapu Lele|\n|poke|p1|Kartana|\n|poke|p1|Celesteela|\n|poke|p1|Blacephalon|\n|poke|p2|Garchomp, F|\n|poke|p2|Magnezone|\n|poke|p2|Dragonite, F|\n|poke|p2|Tapu Fini|\n|poke|p2|Melmetal|\n|poke|p2|Weavile, F|\n|teampreview\n|\n|t:|1629177298\n|start\n|switch|p1a: Garchomp|Garchomp, F|100\/100\n|switch|p2a: Weavile|Weavile, F|100\/100\n|-ability|p2a: Weavile|Pressure\n|turn|1\n|\n|t:|1629177304\n|switch|p1a: Urshifu|Urshifu-Rapid-Strike, M|100\/100\n|move|p2a: Weavile|Triple Axel|p1a: Urshifu\n|-resisted|p1a: Urshifu\n|-damage|p1a: Urshifu|95\/100\n|-resisted|p1a: Urshifu\n|-damage|p1a: Urshifu|86\/100\n|-resisted|p1a: Urshifu\n|-damage|p1a: Urshifu|72\/100\n|-hitcount|p1a: Urshifu|3\n|\n|upkeep\n|turn|2\n|\n|t:|1629177320\n|switch|p2a: Garchomp|Garchomp, F|100\/100\n|move|p1a: Urshifu|U-turn|p2a: Garchomp\n|-damage|p2a: Garchomp|63\/100\n|-damage|p1a: Urshifu|60\/100|[from] ability: Rough Skin|[of] p2a: Garchomp\n|\n|t:|1629177326\n|switch|p1a: Tapu Lele|Tapu Lele, shiny|100\/100|[from]move: U-turn\n|-fieldstart|move: Psychic Terrain|[from] ability: Psychic Surge|[of] p1a: Tapu Lele\n|\n|-heal|p2a: Garchomp|69\/100|[from] item: Leftovers\n|upkeep\n|turn|3\n|\n|t:|1629177330\n|switch|p2a: Melmetal|Melmetal|100\/100\n|move|p1a: Tapu Lele|Moonblast|p2a: Melmetal\n|-resisted|p2a: Melmetal\n|-crit|p2a: Melmetal\n|-damage|p2a: Melmetal|81\/100\n|\n|upkeep\n|turn|4\n|\n|t:|1629177349\n|switch|p2a: Magnezone|Magnezone|100\/100\n|move|p1a: Tapu Lele|Focus Blast|p2a: Magnezone|[miss]\n|-miss|p1a: Tapu Lele|p2a: Magnezone\n|\n|upkeep\n|turn|5\n|\n|t:|1629177371\n|switch|p1a: Garchomp|Garchomp, F|100\/100\n|switch|p2a: Garchomp|Garchomp, F|69\/100\n|\n|-heal|p2a: Garchomp|75\/100|[from] item: Leftovers\n|upkeep\n|turn|6\n|\n|t:|1629177378\n|move|p2a: Garchomp|Scale Shot|p1a: Garchomp\n|-supereffective|p1a: Garchomp\n|-damage|p1a: Garchomp|83\/100\n|-supereffective|p1a: Garchomp\n|-damage|p1a: Garchomp|69\/100\n|-hitcount|p1a: Garchomp|2\n|-unboost|p2a: Garchomp|def|1\n|-boost|p2a: Garchomp|spe|1\n|move|p1a: Garchomp|Stealth Rock|p2a: Garchomp\n|-sidestart|p2: chinmaydagod|move: Stealth Rock\n|\n|-heal|p2a: Garchomp|81\/100|[from] item: Leftovers\n|-fieldend|move: Psychic Terrain\n|upkeep\n|turn|7\n|\n|t:|1629177393\n|move|p2a: Garchomp|Scale Shot|p1a: Garchomp|[miss]\n|-miss|p2a: Garchomp|p1a: Garchomp\n|move|p1a: Garchomp|Earthquake|p2a: Garchomp\n|-damage|p2a: Garchomp|16\/100\n|\n|-heal|p2a: Garchomp|22\/100|[from] item: Leftovers\n|upkeep\n|turn|8\n|\n|t:|1629177397\n|move|p2a: Garchomp|Scale Shot|p1a: Garchomp\n|-supereffective|p1a: Garchomp\n|-damage|p1a: Garchomp|53\/100\n|-supereffective|p1a: Garchomp\n|-damage|p1a: Garchomp|38\/100\n|-supereffective|p1a: Garchomp\n|-damage|p1a: Garchomp|22\/100\n|-supereffective|p1a: Garchomp\n|-damage|p1a: Garchomp|5\/100\n|-hitcount|p1a: Garchomp|4\n|-unboost|p2a: Garchomp|def|1\n|-boost|p2a: Garchomp|spe|1\n|move|p1a: Garchomp|Dragon Tail|p2a: Garchomp\n|-supereffective|p2a: Garchomp\n|-damage|p2a: Garchomp|0 fnt\n|-damage|p1a: Garchomp|0 fnt|[from] ability: Rough Skin|[of] p2a: Garchomp\n|faint|p2a: Garchomp\n|faint|p1a: Garchomp\n|\n|upkeep\n|\n|t:|1629177418\n|switch|p2a: Dragonite|Dragonite, F|100\/100\n|switch|p1a: Celesteela|Celesteela|100\/100\n|turn|9\n|\n|t:|1629177423\n|switch|p2a: Magnezone|Magnezone|100\/100\n|-damage|p2a: Magnezone|94\/100|[from] Stealth Rock\n|move|p1a: Celesteela|Autotomize|p1a: Celesteela\n|-boost|p1a: Celesteela|spe|2\n|-start|p1a: Celesteela|Autotomize\n|\n|upkeep\n|turn|10\n|\n|t:|1629177431\n|move|p1a: Celesteela|Flamethrower|p2a: Magnezone\n|-supereffective|p2a: Magnezone\n|-damage|p2a: Magnezone|18\/100\n|move|p2a: Magnezone|Body Press|p1a: Celesteela\n|-damage|p1a: Celesteela|72\/100\n|\n|upkeep\n|turn|11\n|\n|t:|1629177437\n|move|p1a: Celesteela|Meteor Beam||[still]\n|-prepare|p1a: Celesteela|Meteor Beam\n|-boost|p1a: Celesteela|spa|1\n|-enditem|p1a: Celesteela|Power Herb\n|-anim|p1a: Celesteela|Meteor Beam|p2a: Magnezone\n|-resisted|p2a: Magnezone\n|-damage|p2a: Magnezone|0 fnt\n|faint|p2a: Magnezone\n|-ability|p1a: Celesteela|Beast Boost|boost\n|-boost|p1a: Celesteela|spa|1\n|\n|upkeep\n|\n|t:|1629177443\n|switch|p2a: Dragonite|Dragonite, F|100\/100\n|turn|12\n|\n|t:|1629177447\n|move|p1a: Celesteela|Air Slash|p2a: Dragonite\n|-damage|p2a: Dragonite|62\/100\n|cant|p2a: Dragonite|flinch\n|\n|upkeep\n|turn|13\n|\n|t:|1629177451\n|move|p1a: Celesteela|Air Slash|p2a: Dragonite\n|-damage|p2a: Dragonite|0 fnt\n|faint|p2a: Dragonite\n|-ability|p1a: Celesteela|Beast Boost|boost\n|-boost|p1a: Celesteela|spa|1\n|\n|upkeep\n|\n|t:|1629177456\n|switch|p2a: Weavile|Weavile, F|100\/100\n|-ability|p2a: Weavile|Pressure\n|turn|14\n|\n|t:|1629177459\n|move|p2a: Weavile|Ice Shard|p1a: Celesteela\n|-damage|p1a: Celesteela|54\/100\n|move|p1a: Celesteela|Flamethrower|p2a: Weavile\n|-supereffective|p2a: Weavile\n|-damage|p2a: Weavile|0 fnt\n|faint|p2a: Weavile\n|-ability|p1a: Celesteela|Beast Boost|boost\n|-boost|p1a: Celesteela|spa|1\n|\n|upkeep\n|\n|t:|1629177463\n|switch|p2a: Tapu Fini|Tapu Fini|100\/100\n|-damage|p2a: Tapu Fini|88\/100|[from] Stealth Rock\n|-fieldstart|move: Misty Terrain|[from] ability: Misty Surge|[of] p2a: Tapu Fini\n|turn|15\n|\n|t:|1629177466\n|move|p1a: Celesteela|Air Slash|p2a: Tapu Fini\n|-damage|p2a: Tapu Fini|3\/100\n|move|p2a: Tapu Fini|Moonblast|p1a: Celesteela\n|-resisted|p1a: Celesteela\n|-damage|p1a: Celesteela|38\/100\n|\n|upkeep\n|turn|16\n|\n|t:|1629177471\n|move|p1a: Celesteela|Flamethrower|p2a: Tapu Fini\n|-resisted|p2a: Tapu Fini\n|-damage|p2a: Tapu Fini|0 fnt\n|faint|p2a: Tapu Fini\n|-ability|p1a: Celesteela|Beast Boost|boost\n|-boost|p1a: Celesteela|spa|1\n|\n|upkeep\n|-message|chinmaydagod forfeited.\n|\n|win|cump3\n|raw|cump3's rating: 1515 &rarr; <strong>1535<\/strong><br \/>(+20 for winning)\n|raw|chinmaydagod's rating: 1520 &rarr; <strong>1500<\/strong><br \/>(-20 for losing)\n","uploadtime":1629177477,"views":13,"p1id":"cump3","p2id":"chinmaydagod","formatid":"gen8ou","rating":1500,"private":0,"password":null}