{"id":"gen8ou-1136873367","p1":"guy42","p2":"Rorschach I","format":"gen8ou","log":"|j|\u2606guy42\n|j|\u2606Rorschach I\n|player|p1|guy42|169|1653\n|player|p2|Rorschach I|cynthia|1584\n|teamsize|p1|6\n|teamsize|p2|6\n|gametype|singles\n|gen|8\n|tier|[Gen 8] OU\n|rated|\n|clearpoke\n|poke|p1|Urshifu-*, F|\n|poke|p1|Azumarill, F|\n|poke|p1|Rillaboom, M|\n|poke|p1|Marowak-Alola, M|\n|poke|p1|Morpeko, F|\n|poke|p1|Magearna|\n|poke|p2|Pelipper, F|\n|poke|p2|Ferrothorn, F|\n|poke|p2|Kingdra, M|\n|poke|p2|Barraskewda, F|\n|poke|p2|Magearna|\n|poke|p2|Seismitoad, F|\n|rule|Sleep Clause Mod: Limit one foe put to sleep\n|rule|Species Clause: Limit one of each Pok\u00e9mon\n|rule|OHKO Clause: OHKO moves are banned\n|rule|Evasion Moves Clause: Evasion moves are banned\n|rule|Endless Battle Clause: Forcing endless battles is banned\n|rule|HP Percentage Mod: HP is shown in percentages\n|rule|Dynamax Clause: You cannot dynamax\n|teampreview\n|\n|start\n|switch|p1a: Urshifu|Urshifu-Rapid-Strike, F|100\/100\n|switch|p2a: Ferrothorn|Ferrothorn, F|100\/100\n|turn|1\n|\n|move|p1a: Urshifu|Close Combat|p2a: Ferrothorn\n|-supereffective|p2a: Ferrothorn\n|-enditem|p2a: Ferrothorn|Chople Berry|[eat]\n|-enditem|p2a: Ferrothorn|Chople Berry|[weaken]\n|-damage|p2a: Ferrothorn|35\/100\n|-unboost|p1a: Urshifu|def|1\n|-unboost|p1a: Urshifu|spd|1\n|-damage|p1a: Urshifu|88\/100|[from] ability: Iron Barbs|[of] p2a: Ferrothorn\n|move|p2a: Ferrothorn|Thunder Wave|p1a: Urshifu\n|-status|p1a: Urshifu|par\n|\n|upkeep\n|turn|2\n|\n|switch|p2a: Pelipper|Pelipper, F|100\/100\n|-weather|RainDance|[from] ability: Drizzle|[of] p2a: Pelipper\n|move|p1a: Urshifu|Close Combat|p2a: Pelipper\n|-resisted|p2a: Pelipper\n|-damage|p2a: Pelipper|61\/100\n|-unboost|p1a: Urshifu|def|1\n|-unboost|p1a: Urshifu|spd|1\n|\n|-weather|RainDance|[upkeep]\n|upkeep\n|turn|3\n|\n|move|p1a: Urshifu|Close Combat|p2a: Pelipper\n|-resisted|p2a: Pelipper\n|-crit|p2a: Pelipper\n|-damage|p2a: Pelipper|2\/100\n|-unboost|p1a: Urshifu|def|1\n|-unboost|p1a: Urshifu|spd|1\n|move|p2a: Pelipper|U-turn|p1a: Urshifu\n|-resisted|p1a: Urshifu\n|-damage|p1a: Urshifu|77\/100 par\n|\n|switch|p2a: Kingdra|Kingdra, M|100\/100|[from]move: U-turn\n|\n|-weather|RainDance|[upkeep]\n|upkeep\n|turn|4\n|\n|switch|p1a: Azumarill|Azumarill, F|100\/100\n|move|p2a: Kingdra|Hurricane|p1a: Azumarill\n|-damage|p1a: Azumarill|68\/100\n|-damage|p2a: Kingdra|91\/100|[from] item: Life Orb\n|\n|-weather|RainDance|[upkeep]\n|-heal|p1a: Azumarill|75\/100|[from] item: Leftovers\n|upkeep\n|turn|5\n|\n|switch|p2a: Ferrothorn|Ferrothorn, F|35\/100\n|move|p1a: Azumarill|Whirlpool|p2a: Ferrothorn\n|-resisted|p2a: Ferrothorn\n|-crit|p2a: Ferrothorn\n|-damage|p2a: Ferrothorn|28\/100\n|-activate|p2a: Ferrothorn|move: Whirlpool|[of] p1a: Azumarill\n|\n|-weather|RainDance|[upkeep]\n|-heal|p1a: Azumarill|81\/100|[from] item: Leftovers\n|-damage|p2a: Ferrothorn|16\/100|[from] move: Whirlpool|[partiallytrapped]\n|upkeep\n|turn|6\n|\n|move|p1a: Azumarill|Whirlpool|p2a: Ferrothorn\n|-resisted|p2a: Ferrothorn\n|-damage|p2a: Ferrothorn|11\/100\n|move|p2a: Ferrothorn|Knock Off|p1a: Azumarill\n|-resisted|p1a: Azumarill\n|-damage|p1a: Azumarill|70\/100\n|-enditem|p1a: Azumarill|Leftovers|[from] move: Knock Off|[of] p2a: Ferrothorn\n|\n|-weather|RainDance|[upkeep]\n|-damage|p2a: Ferrothorn|0 fnt|[from] move: Whirlpool|[partiallytrapped]\n|faint|p2a: Ferrothorn\n|upkeep\n|\n|switch|p2a: Magearna|Magearna|100\/100\n|turn|7\n|\n|move|p2a: Magearna|Fleur Cannon|p1a: Azumarill\n|-damage|p1a: Azumarill|0 fnt\n|-unboost|p2a: Magearna|spa|2\n|faint|p1a: Azumarill\n|-ability|p2a: Magearna|Soul-Heart|boost\n|-boost|p2a: Magearna|spa|1\n|\n|-weather|RainDance|[upkeep]\n|upkeep\n|\n|switch|p1a: Marowak|Marowak-Alola, M, shiny|100\/100\n|turn|8\n|\n|switch|p2a: Pelipper|Pelipper, F|2\/100\n|move|p1a: Marowak|Poltergeist|p2a: Pelipper|[miss]\n|-miss|p1a: Marowak|p2a: Pelipper\n|\n|-weather|RainDance|[upkeep]\n|upkeep\n|turn|9\n|\n|switch|p1a: Morpeko|Morpeko, F, shiny|100\/100\n|move|p2a: Pelipper|Scald|p1a: Morpeko\n|-damage|p1a: Morpeko|24\/100\n|\n|-weather|none\n|-formechange|p1a: Morpeko|Morpeko-Hangry||[from] ability: Hunger Switch\n|upkeep\n|turn|10\n|\n|switch|p2a: Magearna|Magearna|100\/100\n|move|p1a: Morpeko|Parting Shot|p2a: Magearna\n|-unboost|p2a: Magearna|atk|1\n|-unboost|p2a: Magearna|spa|1\n|\n|switch|p1a: Marowak|Marowak-Alola, M, shiny|100\/100|[from]move: Parting Shot\n|\n|upkeep\n|turn|11\n|\n|switch|p2a: Pelipper|Pelipper, F|2\/100\n|-weather|RainDance|[from] ability: Drizzle|[of] p2a: Pelipper\n|move|p1a: Marowak|Stealth Rock|p2a: Pelipper\n|-sidestart|p2: Rorschach I|move: Stealth Rock\n|\n|-weather|RainDance|[upkeep]\n|upkeep\n|turn|12\n|\n|switch|p1a: Morpeko|Morpeko, F, shiny|24\/100\n|move|p2a: Pelipper|Defog|p1a: Morpeko\n|-unboost|p1a: Morpeko|evasion|1\n|-sideend|p2: Rorschach I|Stealth Rock|[from] move: Defog|[of] p2a: Pelipper\n|\n|-weather|RainDance|[upkeep]\n|-formechange|p1a: Morpeko|Morpeko-Hangry||[from] ability: Hunger Switch\n|upkeep\n|turn|13\n|\n|switch|p2a: Magearna|Magearna|100\/100\n|move|p1a: Morpeko|Aura Wheel|p2a: Magearna\n|-resisted|p2a: Magearna\n|-damage|p2a: Magearna|81\/100\n|-boost|p1a: Morpeko|spe|1\n|\n|-weather|RainDance|[upkeep]\n|-formechange|p1a: Morpeko|Morpeko||[from] ability: Hunger Switch\n|upkeep\n|turn|14\n|\n|move|p1a: Morpeko|Parting Shot|p2a: Magearna\n|-unboost|p2a: Magearna|atk|1\n|-unboost|p2a: Magearna|spa|1\n|\n|switch|p1a: Marowak|Marowak-Alola, M, shiny|100\/100|[from]move: Parting Shot\n|move|p2a: Magearna|Fleur Cannon|p1a: Marowak\n|-resisted|p1a: Marowak\n|-damage|p1a: Marowak|54\/100\n|-unboost|p2a: Magearna|spa|2\n|\n|-weather|RainDance|[upkeep]\n|upkeep\n|turn|15\n|\n|switch|p2a: Seismitoad|Seismitoad, F|100\/100\n|move|p1a: Marowak|Poltergeist|p2a: Seismitoad\n|-activate|p2a: Seismitoad|move: Poltergeist|Life Orb\n|-damage|p2a: Seismitoad|0 fnt\n|faint|p2a: Seismitoad\n|\n|-weather|RainDance|[upkeep]\n|upkeep\n|\n|switch|p2a: Kingdra|Kingdra, M|91\/100\n|turn|16\n|\n|switch|p1a: Morpeko|Morpeko, F, shiny|24\/100\n|move|p2a: Kingdra|Surf|p1a: Morpeko\n|-damage|p1a: Morpeko|0 fnt\n|-damage|p2a: Kingdra|81\/100|[from] item: Life Orb\n|faint|p1a: Morpeko\n|\n|-weather|RainDance|[upkeep]\n|upkeep\n|\n|switch|p1a: Magearna|Magearna|100\/100\n|turn|17\n|\n|move|p2a: Kingdra|Hydro Pump|p1a: Magearna|[miss]\n|-miss|p2a: Kingdra|p1a: Magearna\n|move|p1a: Magearna|Fleur Cannon|p2a: Kingdra\n|-supereffective|p2a: Kingdra\n|-damage|p2a: Kingdra|0 fnt\n|-unboost|p1a: Magearna|spa|2\n|faint|p2a: Kingdra\n|-ability|p1a: Magearna|Soul-Heart|boost\n|-boost|p1a: Magearna|spa|1\n|\n|-weather|RainDance|[upkeep]\n|upkeep\n|\n|switch|p2a: Barraskewda|Barraskewda, F|100\/100\n|turn|18\n|\n|switch|p1a: Urshifu|Urshifu-Rapid-Strike, F|77\/100 par\n|move|p2a: Barraskewda|Liquidation|p1a: Urshifu\n|-resisted|p1a: Urshifu\n|-damage|p1a: Urshifu|22\/100 par\n|\n|-weather|none\n|upkeep\n|turn|19\n|\n|move|p2a: Barraskewda|Liquidation|p1a: Urshifu\n|-resisted|p1a: Urshifu\n|-damage|p1a: Urshifu|0 fnt\n|faint|p1a: Urshifu\n|\n|upkeep\n|\n|switch|p1a: Rillaboom|Rillaboom, M, shiny|100\/100\n|-fieldstart|move: Grassy Terrain|[from] ability: Grassy Surge|[of] p1a: Rillaboom\n|turn|20\n|\n|switch|p2a: Pelipper|Pelipper, F|2\/100\n|-weather|RainDance|[from] ability: Drizzle|[of] p2a: Pelipper\n|move|p1a: Rillaboom|Grassy Glide|p2a: Pelipper\n|-crit|p2a: Pelipper\n|-damage|p2a: Pelipper|0 fnt\n|faint|p2a: Pelipper\n|\n|-weather|RainDance|[upkeep]\n|upkeep\n|\n|switch|p2a: Magearna|Magearna|81\/100\n|turn|21\n|\n|switch|p1a: Magearna|Magearna|100\/100\n|move|p2a: Magearna|Fleur Cannon|p1a: Magearna\n|-resisted|p1a: Magearna\n|-damage|p1a: Magearna|56\/100\n|-unboost|p2a: Magearna|spa|2\n|\n|-weather|RainDance|[upkeep]\n|-heal|p2a: Magearna|87\/100|[from] Grassy Terrain\n|-heal|p1a: Magearna|62\/100|[from] item: Leftovers\n|-heal|p1a: Magearna|68\/100|[from] Grassy Terrain\n|upkeep\n|turn|22\n|-message|Rorschach I forfeited.\n|\n|win|guy42\n|l|\u2606Rorschach I\n","uploadtime":1592767294,"views":144,"p1id":"guy42","p2id":"rorschachi","formatid":"gen8ou","rating":0,"private":0,"password":null}