{"id":"gen8ou-1642557320","p1":"Lagrienzo","p2":"hypervortexreturns","format":"gen8ou","log":"|j|\u2606Lagrienzo\n|j|\u203dhypervortexreturns\n|t:|1660839551\n|gametype|singles\n|player|p1|Lagrienzo|hilda|1790\n|player|p2|hypervortexreturns|265|1732\n|teamsize|p1|6\n|teamsize|p2|6\n|gen|8\n|tier|[Gen 8] OU\n|rated|\n|rule|Sleep Clause Mod: Limit one foe put to sleep\n|rule|Species Clause: Limit one of each Pok\u00e9mon\n|rule|OHKO Clause: OHKO moves are banned\n|rule|Evasion Items Clause: Evasion items are banned\n|rule|Evasion Moves Clause: Evasion moves are banned\n|rule|Endless Battle Clause: Forcing endless battles is banned\n|rule|HP Percentage Mod: HP is shown in percentages\n|rule|Dynamax Clause: You cannot dynamax\n|clearpoke\n|poke|p1|Garchomp, F|\n|poke|p1|Landorus-Therian, M|\n|poke|p1|Tapu Fini|\n|poke|p1|Kartana|\n|poke|p1|Dragonite, F|\n|poke|p1|Magnezone|\n|poke|p2|Hydreigon, F|\n|poke|p2|Zapdos|\n|poke|p2|Tangrowth, F|\n|poke|p2|Corviknight, F|\n|poke|p2|Excadrill, F|\n|poke|p2|Azumarill, F|\n|teampreview\n|inactive|Battle timer is ON: inactive players will automatically lose when time's up. (requested by Lagrienzo)\n|\n|t:|1660839584\n|start\n|switch|p1a: Landorus|Landorus-Therian, M|100\/100\n|switch|p2a: Azumarill|Azumarill, F|100\/100\n|-ability|p1a: Landorus|Intimidate|boost\n|-unboost|p2a: Azumarill|atk|1\n|turn|1\n|inactive|hypervortexreturns has 120 seconds left.\n|\n|t:|1660839629\n|switch|p1a: Kartana|Kartana|100\/100\n|switch|p2a: Hydreigon|Hydreigon, F|100\/100\n|\n|upkeep\n|turn|2\n|inactive|Lagrienzo has 120 seconds left.\n|\n|t:|1660839660\n|move|p1a: Kartana|Sacred Sword|p2a: Hydreigon\n|-supereffective|p2a: Hydreigon\n|-damage|p2a: Hydreigon|0 fnt\n|faint|p2a: Hydreigon\n|-ability|p1a: Kartana|Beast Boost|boost\n|-boost|p1a: Kartana|atk|1\n|\n|upkeep\n|\n|t:|1660839674\n|switch|p2a: Tangrowth|Tangrowth, F|100\/100\n|turn|3\n|\n|t:|1660839683\n|switch|p1a: Landorus|Landorus-Therian, M|100\/100\n|-ability|p1a: Landorus|Intimidate|boost\n|-unboost|p2a: Tangrowth|atk|1\n|move|p2a: Tangrowth|Knock Off|p1a: Landorus\n|-damage|p1a: Landorus|83\/100\n|-enditem|p1a: Landorus|Normal Gem|[from] move: Knock Off|[of] p2a: Tangrowth\n|\n|upkeep\n|turn|4\n|\n|t:|1660839709\n|switch|p2a: Azumarill|Azumarill, F|100\/100\n|move|p1a: Landorus|Stealth Rock|p2a: Azumarill\n|-sidestart|p2: hypervortexreturns|move: Stealth Rock\n|\n|upkeep\n|turn|5\n|\n|t:|1660839717\n|switch|p1a: Kartana|Kartana|100\/100\n|move|p2a: Azumarill|Aqua Jet|p1a: Kartana\n|-resisted|p1a: Kartana\n|-damage|p1a: Kartana|87\/100\n|\n|upkeep\n|turn|6\n|\n|t:|1660839732\n|switch|p2a: Tangrowth|Tangrowth, F|100\/100\n|-damage|p2a: Tangrowth|88\/100|[from] Stealth Rock\n|move|p1a: Kartana|Knock Off|p2a: Tangrowth\n|-damage|p2a: Tangrowth|56\/100\n|-damage|p1a: Kartana|70\/100|[from] item: Rocky Helmet|[of] p2a: Tangrowth\n|-enditem|p2a: Tangrowth|Rocky Helmet|[from] move: Knock Off|[of] p1a: Kartana\n|\n|upkeep\n|turn|7\n|inactive|hypervortexreturns has 90 seconds left.\n|\n|t:|1660839757\n|switch|p1a: Landorus|Landorus-Therian, M|83\/100\n|-ability|p1a: Landorus|Intimidate|boost\n|-unboost|p2a: Tangrowth|atk|1\n|move|p2a: Tangrowth|Focus Blast|p1a: Landorus|[miss]\n|-miss|p2a: Tangrowth|p1a: Landorus\n|\n|upkeep\n|turn|8\n|inactive|hypervortexreturns has 90 seconds left.\n|\n|t:|1660839771\n|switch|p2a: Zapdos|Zapdos|100\/100\n|move|p1a: Landorus|Knock Off|p2a: Zapdos\n|-damage|p2a: Zapdos|62\/100\n|-status|p1a: Landorus|par|[from] ability: Static|[of] p2a: Zapdos\n|-enditem|p2a: Zapdos|Heavy-Duty Boots|[from] move: Knock Off|[of] p1a: Landorus\n|\n|upkeep\n|turn|9\n|inactive|hypervortexreturns has 90 seconds left.\n|\n|t:|1660839781\n|move|p2a: Zapdos|Hurricane|p1a: Landorus\n|-damage|p1a: Landorus|26\/100 par\n|-start|p1a: Landorus|confusion\n|-activate|p1a: Landorus|confusion\n|move|p1a: Landorus|Explosion|p2a: Zapdos\n|-damage|p2a: Zapdos|0 fnt\n|faint|p1a: Landorus\n|faint|p2a: Zapdos\n|\n|upkeep\n|inactive|hypervortexreturns has 90 seconds left.\n|\n|t:|1660839794\n|switch|p2a: Tangrowth|Tangrowth, F|89\/100\n|switch|p1a: Kartana|Kartana|70\/100\n|-damage|p2a: Tangrowth|76\/100|[from] Stealth Rock\n|turn|10\n|inactive|hypervortexreturns has 90 seconds left.\n|\n|t:|1660839802\n|switch|p1a: Dragonite|Dragonite, F|100\/100\n|move|p2a: Tangrowth|Knock Off|p1a: Dragonite\n|-damage|p1a: Dragonite|90\/100\n|-enditem|p1a: Dragonite|Heavy-Duty Boots|[from] move: Knock Off|[of] p2a: Tangrowth\n|\n|upkeep\n|turn|11\n|inactive|hypervortexreturns has 90 seconds left.\n|\n|t:|1660839814\n|move|p1a: Dragonite|Dual Wingbeat|p2a: Tangrowth\n|-supereffective|p2a: Tangrowth\n|-damage|p2a: Tangrowth|56\/100\n|-supereffective|p2a: Tangrowth\n|-damage|p2a: Tangrowth|35\/100\n|-hitcount|p2a: Tangrowth|2\n|move|p2a: Tangrowth|Sleep Powder|p1a: Dragonite\n|-status|p1a: Dragonite|slp|[from] move: Sleep Powder\n|\n|upkeep\n|turn|12\n|inactive|hypervortexreturns has 90 seconds left.\n|\n|t:|1660839826\n|switch|p1a: Kartana|Kartana|70\/100\n|switch|p2a: Excadrill|Excadrill, F|100\/100\n|-damage|p2a: Excadrill|97\/100|[from] Stealth Rock\n|\n|-heal|p2a: Excadrill|100\/100|[from] item: Leftovers\n|upkeep\n|turn|13\n|inactive|hypervortexreturns has 90 seconds left.\n|\n|t:|1660839846\n|switch|p2a: Tangrowth|Tangrowth, F|68\/100\n|-damage|p2a: Tangrowth|56\/100|[from] Stealth Rock\n|move|p1a: Kartana|Sacred Sword|p2a: Tangrowth\n|-damage|p2a: Tangrowth|26\/100\n|\n|upkeep\n|turn|14\n|inactive|hypervortexreturns has 90 seconds left.\n|\n|t:|1660839855\n|move|p1a: Kartana|Sacred Sword|p2a: Tangrowth\n|-damage|p2a: Tangrowth|0 fnt\n|faint|p2a: Tangrowth\n|-ability|p1a: Kartana|Beast Boost|boost\n|-boost|p1a: Kartana|atk|1\n|\n|upkeep\n|inactive|hypervortexreturns has 90 seconds left.\n|c|\u2606Lagrienzo|This is so awkward for a team that has 3 kartana counters\n|\n|t:|1660839863\n|switch|p2a: Azumarill|Azumarill, F|100\/100\n|-damage|p2a: Azumarill|88\/100|[from] Stealth Rock\n|turn|15\n|inactive|hypervortexreturns has 90 seconds left.\n|\n|t:|1660839877\n|switch|p1a: Garchomp|Garchomp, F|100\/100\n|move|p2a: Azumarill|Knock Off|p1a: Garchomp\n|-crit|p1a: Garchomp\n|-damage|p1a: Garchomp|37\/100\n|-damage|p2a: Azumarill|76\/100|[from] ability: Rough Skin|[of] p1a: Garchomp\n|-enditem|p1a: Garchomp|Leftovers|[from] move: Knock Off|[of] p2a: Azumarill\n|\n|upkeep\n|turn|16\n|inactive|hypervortexreturns has 90 seconds left.\n|\n|t:|1660839893\n|switch|p2a: Corviknight|Corviknight, F|100\/100\n|-damage|p2a: Corviknight|88\/100|[from] Stealth Rock\n|-ability|p2a: Corviknight|Pressure\n|move|p1a: Garchomp|Earthquake|p2a: Corviknight\n|-immune|p2a: Corviknight\n|\n|-heal|p2a: Corviknight|94\/100|[from] item: Leftovers\n|upkeep\n|turn|17\n|inactive|hypervortexreturns has 90 seconds left.\n|\n|t:|1660839906\n|move|p1a: Garchomp|Substitute|p1a: Garchomp\n|-start|p1a: Garchomp|Substitute\n|-damage|p1a: Garchomp|12\/100\n|move|p2a: Corviknight|Brave Bird|p1a: Garchomp\n|-end|p1a: Garchomp|Substitute\n|-damage|p2a: Corviknight|87\/100|[from] Recoil|[of] p1a: Garchomp\n|\n|-heal|p2a: Corviknight|93\/100|[from] item: Leftovers\n|upkeep\n|turn|18\n|inactive|hypervortexreturns has 90 seconds left.\n|\n|t:|1660839918\n|move|p1a: Garchomp|Swords Dance|p1a: Garchomp\n|-boost|p1a: Garchomp|atk|2\n|move|p2a: Corviknight|Brave Bird|p1a: Garchomp\n|-damage|p1a: Garchomp|0 fnt\n|-damage|p2a: Corviknight|81\/100|[from] ability: Rough Skin|[of] p1a: Garchomp\n|faint|p1a: Garchomp\n|-damage|p2a: Corviknight|77\/100|[from] Recoil\n|\n|-heal|p2a: Corviknight|83\/100|[from] item: Leftovers\n|upkeep\n|\n|t:|1660839920\n|switch|p1a: Magnezone|Magnezone|100\/100\n|turn|19\n|inactive|hypervortexreturns has 90 seconds left.\n|\n|t:|1660839933\n|move|p1a: Magnezone|Thunderbolt|p2a: Corviknight\n|-supereffective|p2a: Corviknight\n|-damage|p2a: Corviknight|29\/100\n|move|p2a: Corviknight|Taunt|p1a: Magnezone\n|-start|p1a: Magnezone|move: Taunt\n|\n|-heal|p2a: Corviknight|35\/100|[from] item: Leftovers\n|upkeep\n|turn|20\n|\n|t:|1660839942\n|move|p1a: Magnezone|Thunderbolt|p2a: Corviknight\n|-supereffective|p2a: Corviknight\n|-damage|p2a: Corviknight|0 fnt\n|faint|p2a: Corviknight\n|\n|upkeep\n|\n|t:|1660839947\n|switch|p2a: Excadrill|Excadrill, F|100\/100\n|-damage|p2a: Excadrill|97\/100|[from] Stealth Rock\n|turn|21\n|\n|t:|1660839954\n|move|p2a: Excadrill|Earthquake|p1a: Magnezone\n|-supereffective|p1a: Magnezone\n|-damage|p1a: Magnezone|0 fnt\n|faint|p1a: Magnezone\n|\n|-heal|p2a: Excadrill|100\/100|[from] item: Leftovers\n|upkeep\n|\n|t:|1660839956\n|switch|p1a: Kartana|Kartana|70\/100\n|turn|22\n|\n|t:|1660839964\n|move|p1a: Kartana|Leaf Blade|p2a: Excadrill\n|-damage|p2a: Excadrill|0 fnt\n|faint|p2a: Excadrill\n|-ability|p1a: Kartana|Beast Boost|boost\n|-boost|p1a: Kartana|atk|1\n|\n|upkeep\n|inactive|hypervortexreturns has 90 seconds left.\n|inactive|hypervortexreturns has 60 seconds left.\n|inactive|hypervortexreturns has 30 seconds left.\n|inactive|hypervortexreturns has 20 seconds left.\n|inactive|hypervortexreturns has 15 seconds left.\n|inactive|hypervortexreturns has 10 seconds left.\n|inactive|hypervortexreturns has 5 seconds left.\n|-message|hypervortexreturns lost due to inactivity.\n|\n|win|Lagrienzo\n|raw|Lagrienzo's rating: 1790 &rarr; <strong>1807<\/strong><br \/>(+17 for winning)\n|raw|hypervortexreturns's rating: 1732 &rarr; <strong>1715<\/strong><br \/>(-17 for losing)\n","uploadtime":1660840089,"views":85,"p1id":"lagrienzo","p2id":"hypervortexreturns","formatid":"gen8ou","rating":1715,"private":0,"password":null}