{"id":"gen8ou-1581714782","p1":"legitteambuilder","p2":"m9s","format":"gen8ou","log":"|j|\u2606legitteambuilder\n|j|\u2606m9s\n|t:|1653399001\n|gametype|singles\n|player|p1|legitteambuilder|lance|1540\n|player|p2|m9s|169|1482\n|teamsize|p1|6\n|teamsize|p2|6\n|gen|8\n|tier|[Gen 8] OU\n|rated|\n|rule|Sleep Clause Mod: Limit one foe put to sleep\n|rule|Species Clause: Limit one of each Pok\u00e9mon\n|rule|OHKO Clause: OHKO moves are banned\n|rule|Evasion Moves Clause: Evasion moves are banned\n|rule|Endless Battle Clause: Forcing endless battles is banned\n|rule|HP Percentage Mod: HP is shown in percentages\n|rule|Dynamax Clause: You cannot dynamax\n|clearpoke\n|poke|p1|Ferrothorn, M|\n|poke|p1|Necrozma|\n|poke|p1|Moltres-Galar|\n|poke|p1|Garchomp, M|\n|poke|p1|Tapu Fini|\n|poke|p1|Blaziken, F|\n|poke|p2|Ninetales-Alola, M|\n|poke|p2|Rillaboom, M|\n|poke|p2|Garchomp, F|\n|poke|p2|Alakazam, F|\n|poke|p2|Dragapult, F|\n|poke|p2|Hawlucha, M|\n|teampreview\n|\n|t:|1653399009\n|start\n|switch|p1a: Venus|Tapu Fini|100\/100\n|switch|p2a: Garchomp|Garchomp, F|100\/100\n|-fieldstart|move: Misty Terrain|[from] ability: Misty Surge|[of] p1a: Venus\n|turn|1\n|\n|t:|1653399014\n|switch|p2a: Ninetales|Ninetales-Alola, M|100\/100\n|-weather|Hail|[from] ability: Snow Warning|[of] p2a: Ninetales\n|move|p1a: Venus|Moonblast|p2a: Ninetales\n|-damage|p2a: Ninetales|61\/100\n|\n|-weather|Hail|[upkeep]\n|-damage|p1a: Venus|94\/100|[from] Hail\n|upkeep\n|turn|2\n|\n|t:|1653399020\n|move|p1a: Venus|Moonblast|p2a: Ninetales\n|-damage|p2a: Ninetales|22\/100\n|move|p2a: Ninetales|Aurora Veil|p2a: Ninetales\n|-sidestart|p2: m9s|move: Aurora Veil\n|\n|-weather|Hail|[upkeep]\n|-damage|p1a: Venus|88\/100|[from] Hail\n|upkeep\n|turn|3\n|\n|t:|1653399032\n|switch|p1a: Bella Thorn|Ferrothorn, M, shiny|100\/100\n|move|p2a: Ninetales|Freeze-Dry|p1a: Bella Thorn\n|-damage|p1a: Bella Thorn|83\/100\n|\n|-weather|Hail|[upkeep]\n|-damage|p1a: Bella Thorn|77\/100|[from] Hail\n|-heal|p1a: Bella Thorn|83\/100|[from] item: Leftovers\n|upkeep\n|turn|4\n|\n|t:|1653399037\n|switch|p2a: Alakazam|Alakazam, F|100\/100\n|move|p1a: Bella Thorn|Leech Seed|p2a: Alakazam\n|-start|p2a: Alakazam|move: Leech Seed\n|\n|-weather|Hail|[upkeep]\n|-damage|p1a: Bella Thorn|77\/100|[from] Hail\n|-heal|p1a: Bella Thorn|83\/100|[from] item: Leftovers\n|upkeep\n|turn|5\n|\n|t:|1653399068\n|switch|p1a: Jean Grey|Moltres-Galar|100\/100\n|move|p2a: Alakazam|Nasty Plot|p2a: Alakazam\n|-boost|p2a: Alakazam|spa|2\n|\n|-weather|none\n|-fieldend|Misty Terrain\n|upkeep\n|turn|6\n|\n|t:|1653399074\n|move|p2a: Alakazam|Focus Blast|p1a: Jean Grey\n|-crit|p1a: Jean Grey\n|-damage|p1a: Jean Grey|0 fnt\n|faint|p1a: Jean Grey\n|\n|upkeep\n|\n|t:|1653399087\n|switch|p1a: Prophet|Necrozma, shiny|100\/100\n|turn|7\n|\n|t:|1653399090\n|move|p2a: Alakazam|Shadow Ball|p1a: Prophet\n|-supereffective|p1a: Prophet\n|-damage|p1a: Prophet|0 fnt\n|faint|p1a: Prophet\n|\n|upkeep\n|\n|t:|1653399094\n|switch|p1a: Garchomp|Garchomp, M|100\/100\n|turn|8\n|\n|t:|1653399096\n|move|p2a: Alakazam|Focus Blast|p1a: Garchomp\n|-damage|p1a: Garchomp|13\/100\n|move|p1a: Garchomp|Earthquake|p2a: Alakazam\n|-damage|p2a: Alakazam|37\/100\n|\n|-heal|p1a: Garchomp|19\/100|[from] item: Leftovers\n|upkeep\n|turn|9\n|\n|t:|1653399101\n|move|p2a: Alakazam|Shadow Ball|p1a: Garchomp\n|-damage|p1a: Garchomp|0 fnt\n|faint|p1a: Garchomp\n|\n|-sideend|p2: m9s|move: Aurora Veil\n|upkeep\n|\n|t:|1653399103\n|switch|p1a: Venus|Tapu Fini|88\/100\n|-fieldstart|move: Misty Terrain|[from] ability: Misty Surge|[of] p1a: Venus\n|turn|10\n|\n|t:|1653399105\n|move|p1a: Venus|Moonblast|p2a: Alakazam\n|-damage|p2a: Alakazam|0 fnt\n|faint|p2a: Alakazam\n|\n|upkeep\n|\n|t:|1653399109\n|switch|p2a: Rillaboom|Rillaboom, M|100\/100\n|-fieldstart|move: Grassy Terrain|[from] ability: Grassy Surge|[of] p2a: Rillaboom\n|turn|11\n|\n|t:|1653399113\n|switch|p1a: Bella Thorn|Ferrothorn, M, shiny|83\/100\n|move|p2a: Rillaboom|Swords Dance|p2a: Rillaboom\n|-boost|p2a: Rillaboom|atk|2\n|\n|-heal|p1a: Bella Thorn|89\/100|[from] Grassy Terrain\n|-heal|p1a: Bella Thorn|95\/100|[from] item: Leftovers\n|upkeep\n|turn|12\n|\n|t:|1653399116\n|move|p2a: Rillaboom|Superpower|p1a: Bella Thorn\n|-supereffective|p1a: Bella Thorn\n|-damage|p1a: Bella Thorn|0 fnt\n|-unboost|p2a: Rillaboom|atk|1\n|-unboost|p2a: Rillaboom|def|1\n|-damage|p2a: Rillaboom|88\/100|[from] ability: Iron Barbs|[of] p1a: Bella Thorn\n|faint|p1a: Bella Thorn\n|-damage|p2a: Rillaboom|78\/100|[from] item: Life Orb\n|\n|-heal|p2a: Rillaboom|84\/100|[from] Grassy Terrain\n|upkeep\n|\n|t:|1653399123\n|switch|p1a: ChickenOnABalloon|Blaziken, F|100\/100\n|-item|p1a: ChickenOnABalloon|Air Balloon\n|turn|13\n|\n|t:|1653399133\n|switch|p2a: Hawlucha|Hawlucha, M|100\/100\n|-enditem|p2a: Hawlucha|Grassy Seed\n|-boost|p2a: Hawlucha|def|1|[from] item: Grassy Seed\n|move|p1a: ChickenOnABalloon|Close Combat|p2a: Hawlucha\n|-resisted|p2a: Hawlucha\n|-damage|p2a: Hawlucha|74\/100\n|-unboost|p1a: ChickenOnABalloon|def|1\n|-unboost|p1a: ChickenOnABalloon|spd|1\n|\n|-ability|p1a: ChickenOnABalloon|Speed Boost|boost\n|-boost|p1a: ChickenOnABalloon|spe|1\n|upkeep\n|turn|14\n|\n|t:|1653399138\n|move|p2a: Hawlucha|Swords Dance|p2a: Hawlucha\n|-boost|p2a: Hawlucha|atk|2\n|move|p1a: ChickenOnABalloon|Flare Blitz|p2a: Hawlucha\n|-damage|p2a: Hawlucha|18\/100\n|-damage|p1a: ChickenOnABalloon|83\/100|[from] Recoil\n|\n|-ability|p1a: ChickenOnABalloon|Speed Boost|boost\n|-boost|p1a: ChickenOnABalloon|spe|1\n|upkeep\n|turn|15\n|-message|legitteambuilder forfeited.\n|\n|win|m9s\n|raw|legitteambuilder's rating: 1540 &rarr; <strong>1517<\/strong><br \/>(-23 for losing)\n|raw|m9s's rating: 1482 &rarr; <strong>1505<\/strong><br \/>(+23 for winning)\n|l|\u2606legitteambuilder\n","uploadtime":1653399149,"views":5,"p1id":"legitteambuilder","p2id":"m9s","formatid":"gen8ou","rating":1505,"private":0,"password":null}