{"id":"gen8ou-1646866233","p1":"LT94JE Fuse","p2":"2222mm","format":"gen8ou","log":"|raw|<div class=\"broadcast-blue\"><strong>This battle is required to be public due to a player having a name starting with 'lt94je'.<\/div>\n|j|\u2606LT94JE Fuse\n|j|\u26062222mm\n|t:|1661316988\n|gametype|singles\n|player|p1|LT94JE Fuse|yellow|1765\n|player|p2|2222mm|2|1766\n|teamsize|p1|6\n|teamsize|p2|6\n|gen|8\n|tier|[Gen 8] OU\n|rated|\n|rule|Sleep Clause Mod: Limit one foe put to sleep\n|rule|Species Clause: Limit one of each Pok\u00e9mon\n|rule|OHKO Clause: OHKO moves are banned\n|rule|Evasion Items Clause: Evasion items are banned\n|rule|Evasion Moves Clause: Evasion moves are banned\n|rule|Endless Battle Clause: Forcing endless battles is banned\n|rule|HP Percentage Mod: HP is shown in percentages\n|rule|Dynamax Clause: You cannot dynamax\n|clearpoke\n|poke|p1|Necrozma|\n|poke|p1|Tapu Lele|\n|poke|p1|Urshifu-*, M|\n|poke|p1|Tornadus-Therian, M|\n|poke|p1|Landorus-Therian, M|\n|poke|p1|Ferrothorn, F|\n|poke|p2|Tapu Fini|\n|poke|p2|Landorus-Therian, M|\n|poke|p2|Ferrothorn, M|\n|poke|p2|Blacephalon|\n|poke|p2|Glastrier|\n|poke|p2|Kartana|\n|teampreview\n|c|\u2606LT94JE Fuse|Hf\n|c|\u26062222mm|oh\n|c|\u26062222mm|hf\n|\n|t:|1661317034\n|start\n|switch|p1a: Tapu Lele|Tapu Lele|100\/100\n|switch|p2a: Landorus|Landorus-Therian, M|100\/100\n|-fieldstart|move: Psychic Terrain|[from] ability: Psychic Surge|[of] p1a: Tapu Lele\n|-ability|p2a: Landorus|Intimidate|boost\n|-unboost|p1a: Tapu Lele|atk|1\n|turn|1\n|\n|t:|1661317063\n|switch|p1a: Necrozma|Necrozma|100\/100\n|move|p2a: Landorus|Fling|p1a: Necrozma\n|-supereffective|p1a: Necrozma\n|-damage|p1a: Necrozma|87\/100\n|-status|p1a: Necrozma|par\n|-enditem|p2a: Landorus|Light Ball|[from] move: Fling\n|\n|upkeep\n|turn|2\n|j| Bowensonfire\n|\n|t:|1661317084\n|move|p2a: Landorus|U-turn|p1a: Necrozma\n|-supereffective|p1a: Necrozma\n|-damage|p1a: Necrozma|53\/100 par\n|l| Bowensonfire\n|\n|t:|1661317114\n|switch|p2a: Tapu Fini|Tapu Fini|100\/100|[from]move: U-turn\n|-fieldstart|move: Misty Terrain|[from] ability: Misty Surge|[of] p2a: Tapu Fini\n|move|p1a: Necrozma|Expanding Force|p2a: Tapu Fini\n|-damage|p2a: Tapu Fini|49\/100\n|\n|upkeep\n|turn|3\n|j| A Lucky Guy\n|\n|t:|1661317132\n|switch|p2a: Glastrier|Glastrier|100\/100\n|switch|p1a: Tornadus|Tornadus-Therian, M|100\/100\n|\n|upkeep\n|turn|4\n|\n|t:|1661317146\n|move|p1a: Tornadus|U-turn|p2a: Glastrier\n|-damage|p2a: Glastrier|89\/100\n|\n|t:|1661317155\n|switch|p1a: Urshifu|Urshifu-Rapid-Strike, M|100\/100|[from]move: U-turn\n|move|p2a: Glastrier|Icicle Crash|p1a: Urshifu|[miss]\n|-miss|p2a: Glastrier|p1a: Urshifu\n|\n|upkeep\n|turn|5\n|j| xiaolinyo\n|\n|t:|1661317183\n|switch|p2a: Tapu Fini|Tapu Fini|49\/100\n|move|p1a: Urshifu|Close Combat|p2a: Tapu Fini\n|-resisted|p2a: Tapu Fini\n|-damage|p2a: Tapu Fini|8\/100\n|-unboost|p1a: Urshifu|def|1\n|-unboost|p1a: Urshifu|spd|1\n|\n|upkeep\n|turn|6\n|j| angrrry\n|j| joeding\n|\n|t:|1661317195\n|switch|p1a: Tapu Lele|Tapu Lele|100\/100\n|-fieldstart|move: Psychic Terrain|[from] ability: Psychic Surge|[of] p1a: Tapu Lele\n|move|p2a: Tapu Fini|Moonblast|p1a: Tapu Lele\n|-damage|p1a: Tapu Lele|66\/100\n|\n|upkeep\n|turn|7\n|j| coeur de les ciel\n|\n|t:|1661317211\n|switch|p2a: Ferrothorn|Ferrothorn, M|100\/100\n|switch|p1a: Tornadus|Tornadus-Therian, M|100\/100\n|\n|upkeep\n|turn|8\n|l| coeur de les ciel\n|l| A Lucky Guy\n|\n|t:|1661317244\n|switch|p2a: Landorus|Landorus-Therian, M|100\/100\n|-ability|p2a: Landorus|Intimidate|boost\n|-unboost|p1a: Tornadus|atk|1\n|move|p1a: Tornadus|Heat Wave|p2a: Landorus\n|-damage|p2a: Landorus|82\/100\n|\n|upkeep\n|turn|9\n|\n|t:|1661317251\n|move|p1a: Tornadus|Hurricane|p2a: Landorus\n|-damage|p2a: Landorus|52\/100\n|move|p2a: Landorus|Stealth Rock|p1a: Tornadus\n|-sidestart|p1: LT94JE Fuse|move: Stealth Rock\n|\n|upkeep\n|turn|10\n|l| joeding\n|\n|t:|1661317257\n|move|p1a: Tornadus|U-turn|p2a: Landorus\n|-resisted|p2a: Landorus\n|-damage|p2a: Landorus|47\/100\n|j| LT94JE Tace\n|l| LT94JE Tace\n|\n|t:|1661317305\n|switch|p1a: Ferrothorn|Ferrothorn, F|100\/100|[from]move: U-turn\n|-damage|p1a: Ferrothorn|94\/100|[from] Stealth Rock\n|move|p2a: Landorus|U-turn|p1a: Ferrothorn\n|-damage|p1a: Ferrothorn|81\/100\n|-damage|p2a: Landorus|35\/100|[from] ability: Iron Barbs|[of] p1a: Ferrothorn\n|\n|t:|1661317313\n|switch|p2a: Blacephalon|Blacephalon|100\/100|[from]move: U-turn\n|\n|-heal|p1a: Ferrothorn|87\/100|[from] item: Leftovers\n|-fieldend|move: Psychic Terrain\n|upkeep\n|turn|11\n|\n|t:|1661317332\n|switch|p1a: Landorus|Landorus-Therian, M|100\/100\n|-damage|p1a: Landorus|88\/100|[from] Stealth Rock\n|-ability|p1a: Landorus|Intimidate|boost\n|-unboost|p2a: Blacephalon|atk|1\n|move|p2a: Blacephalon|Overheat|p1a: Landorus\n|-damage|p1a: Landorus|2\/100\n|-unboost|p2a: Blacephalon|spa|2\n|\n|-heal|p1a: Landorus|8\/100|[from] item: Leftovers\n|upkeep\n|turn|12\n|\n|t:|1661317341\n|switch|p1a: Tornadus|Tornadus-Therian, M|100\/100\n|-damage|p1a: Tornadus|76\/100|[from] Stealth Rock\n|move|p2a: Blacephalon|Overheat|p1a: Tornadus\n|-damage|p1a: Tornadus|37\/100\n|-unboost|p2a: Blacephalon|spa|2\n|\n|upkeep\n|turn|13\n|\n|t:|1661317360\n|switch|p2a: Landorus|Landorus-Therian, M|35\/100\n|-ability|p2a: Landorus|Intimidate|boost\n|-unboost|p1a: Tornadus|atk|1\n|move|p1a: Tornadus|U-turn|p2a: Landorus\n|-resisted|p2a: Landorus\n|-damage|p2a: Landorus|30\/100\n|\n|t:|1661317374\n|switch|p1a: Ferrothorn|Ferrothorn, F|87\/100|[from]move: U-turn\n|-damage|p1a: Ferrothorn|81\/100|[from] Stealth Rock\n|\n|-heal|p1a: Ferrothorn|87\/100|[from] item: Leftovers\n|upkeep\n|turn|14\n|\n|t:|1661317386\n|switch|p2a: Blacephalon|Blacephalon|100\/100\n|move|p1a: Ferrothorn|Stealth Rock|p2a: Blacephalon\n|-sidestart|p2: 2222mm|move: Stealth Rock\n|\n|-heal|p1a: Ferrothorn|93\/100|[from] item: Leftovers\n|upkeep\n|turn|15\n|\n|t:|1661317397\n|switch|p1a: Landorus|Landorus-Therian, M|8\/100\n|-damage|p1a: Landorus|0 fnt|[from] Stealth Rock\n|faint|p1a: Landorus\n|move|p2a: Blacephalon|Flamethrower|p1: Landorus|[notarget]\n|-fail|p2a: Blacephalon\n|\n|upkeep\n|\n|t:|1661317400\n|switch|p1a: Tornadus|Tornadus-Therian, M|70\/100\n|-damage|p1a: Tornadus|45\/100|[from] Stealth Rock\n|turn|16\n|\n|t:|1661317420\n|move|p1a: Tornadus|Knock Off|p2a: Blacephalon\n|-supereffective|p2a: Blacephalon\n|-crit|p2a: Blacephalon\n|-damage|p2a: Blacephalon|0 fnt\n|-enditem|p2a: Blacephalon|Choice Specs|[from] move: Knock Off|[of] p1a: Tornadus\n|faint|p2a: Blacephalon\n|\n|upkeep\n|\n|t:|1661317446\n|switch|p2a: Kartana|Kartana, shiny|100\/100\n|-damage|p2a: Kartana|94\/100|[from] Stealth Rock\n|turn|17\n|\n|t:|1661317471\n|switch|p1a: Urshifu|Urshifu-Rapid-Strike, M|100\/100\n|-damage|p1a: Urshifu|94\/100|[from] Stealth Rock\n|move|p2a: Kartana|Knock Off|p1a: Urshifu\n|-resisted|p1a: Urshifu\n|-damage|p1a: Urshifu|73\/100\n|-enditem|p1a: Urshifu|Choice Band|[from] move: Knock Off|[of] p2a: Kartana\n|\n|upkeep\n|turn|18\n|\n|t:|1661317484\n|switch|p2a: Tapu Fini|Tapu Fini|8\/100\n|-damage|p2a: Tapu Fini|0 fnt|[from] Stealth Rock\n|faint|p2a: Tapu Fini\n|move|p1a: Urshifu|Close Combat|p2: Tapu Fini|[notarget]\n|-fail|p1a: Urshifu\n|\n|upkeep\n|\n|t:|1661317491\n|switch|p2a: Kartana|Kartana, shiny|94\/100\n|-damage|p2a: Kartana|88\/100|[from] Stealth Rock\n|turn|19\n|\n|t:|1661317512\n|switch|p1a: Necrozma|Necrozma|53\/100 par\n|-damage|p1a: Necrozma|41\/100 par|[from] Stealth Rock\n|move|p2a: Kartana|Leaf Blade|p1a: Necrozma\n|-damage|p1a: Necrozma|0 fnt\n|faint|p1a: Necrozma\n|-ability|p2a: Kartana|Beast Boost|boost\n|-boost|p2a: Kartana|atk|1\n|\n|upkeep\n|\n|t:|1661317520\n|switch|p1a: Tornadus|Tornadus-Therian, M|78\/100\n|-damage|p1a: Tornadus|53\/100|[from] Stealth Rock\n|turn|20\n|\n|t:|1661317533\n|switch|p2a: Landorus|Landorus-Therian, M|30\/100\n|-damage|p2a: Landorus|18\/100|[from] Stealth Rock\n|-ability|p2a: Landorus|Intimidate|boost\n|-unboost|p1a: Tornadus|atk|1\n|move|p1a: Tornadus|Heat Wave|p2a: Landorus\n|-damage|p2a: Landorus|1\/100\n|\n|upkeep\n|turn|21\n|\n|t:|1661317563\n|move|p1a: Tornadus|Heat Wave|p2a: Landorus\n|-damage|p2a: Landorus|0 fnt\n|faint|p2a: Landorus\n|\n|upkeep\n|\n|t:|1661317566\n|switch|p2a: Glastrier|Glastrier|89\/100\n|-damage|p2a: Glastrier|64\/100|[from] Stealth Rock\n|turn|22\n|\n|t:|1661317593\n|move|p1a: Tornadus|U-turn|p2a: Glastrier\n|-damage|p2a: Glastrier|57\/100\n|\n|t:|1661317632\n|switch|p1a: Urshifu|Urshifu-Rapid-Strike, M|73\/100|[from]move: U-turn\n|-damage|p1a: Urshifu|67\/100|[from] Stealth Rock\n|move|p2a: Glastrier|Icicle Crash|p1a: Urshifu\n|-resisted|p1a: Urshifu\n|-damage|p1a: Urshifu|41\/100\n|\n|upkeep\n|turn|23\n|\n|t:|1661317643\n|switch|p2a: Ferrothorn|Ferrothorn, M|100\/100\n|-damage|p2a: Ferrothorn|94\/100|[from] Stealth Rock\n|move|p1a: Urshifu|Close Combat|p2a: Ferrothorn\n|-supereffective|p2a: Ferrothorn\n|-damage|p2a: Ferrothorn|24\/100\n|-unboost|p1a: Urshifu|def|1\n|-unboost|p1a: Urshifu|spd|1\n|-damage|p1a: Urshifu|29\/100|[from] ability: Iron Barbs|[of] p2a: Ferrothorn\n|\n|-heal|p2a: Ferrothorn|30\/100|[from] item: Leftovers\n|upkeep\n|turn|24\n|\n|t:|1661317690\n|move|p1a: Urshifu|Close Combat|p2a: Ferrothorn\n|-supereffective|p2a: Ferrothorn\n|-damage|p2a: Ferrothorn|0 fnt\n|-unboost|p1a: Urshifu|def|1\n|-unboost|p1a: Urshifu|spd|1\n|-damage|p1a: Urshifu|17\/100|[from] ability: Iron Barbs|[of] p2a: Ferrothorn\n|faint|p2a: Ferrothorn\n|\n|upkeep\n|\n|t:|1661317695\n|switch|p2a: Kartana|Kartana, shiny|88\/100\n|-damage|p2a: Kartana|82\/100|[from] Stealth Rock\n|turn|25\n|\n|t:|1661317737\n|move|p2a: Kartana|Knock Off|p1a: Urshifu\n|-resisted|p1a: Urshifu\n|-damage|p1a: Urshifu|0 fnt\n|faint|p1a: Urshifu\n|-ability|p2a: Kartana|Beast Boost|boost\n|-boost|p2a: Kartana|atk|1\n|\n|upkeep\n|\n|t:|1661317741\n|switch|p1a: Ferrothorn|Ferrothorn, F|93\/100\n|-damage|p1a: Ferrothorn|87\/100|[from] Stealth Rock\n|turn|26\n|\n|t:|1661317747\n|move|p2a: Kartana|Knock Off|p1a: Ferrothorn\n|-damage|p1a: Ferrothorn|49\/100\n|-damage|p2a: Kartana|70\/100|[from] ability: Iron Barbs|[of] p1a: Ferrothorn\n|-enditem|p1a: Ferrothorn|Leftovers|[from] move: Knock Off|[of] p2a: Kartana\n|move|p1a: Ferrothorn|Knock Off|p2a: Kartana\n|-damage|p2a: Kartana|49\/100\n|-enditem|p2a: Kartana|Choice Scarf|[from] move: Knock Off|[of] p1a: Ferrothorn\n|\n|upkeep\n|turn|27\n|j| Sjjwjwnwwn\n|j| A Lucky Guy\n|\n|t:|1661317775\n|move|p2a: Kartana|Knock Off|p1a: Ferrothorn\n|-damage|p1a: Ferrothorn|25\/100\n|-damage|p2a: Kartana|36\/100|[from] ability: Iron Barbs|[of] p1a: Ferrothorn\n|move|p1a: Ferrothorn|Knock Off|p2a: Kartana\n|-damage|p2a: Kartana|21\/100\n|\n|upkeep\n|turn|28\n|j| JingXia\n|j| OneTreeWaiting\n|j| lt94je nick\n|\n|t:|1661317828\n|move|p2a: Kartana|Sacred Sword|p1a: Ferrothorn\n|-supereffective|p1a: Ferrothorn\n|-damage|p1a: Ferrothorn|0 fnt\n|-damage|p2a: Kartana|8\/100|[from] ability: Iron Barbs|[of] p1a: Ferrothorn\n|faint|p1a: Ferrothorn\n|-ability|p2a: Kartana|Beast Boost|boost\n|-boost|p2a: Kartana|atk|1\n|\n|upkeep\n|\n|t:|1661317833\n|switch|p1a: Tapu Lele|Tapu Lele|66\/100\n|-damage|p1a: Tapu Lele|54\/100|[from] Stealth Rock\n|-fieldstart|move: Psychic Terrain|[from] ability: Psychic Surge|[of] p1a: Tapu Lele\n|turn|29\n|\n|t:|1661317836\n|move|p1a: Tapu Lele|Moonblast|p2a: Kartana\n|-resisted|p2a: Kartana\n|-damage|p2a: Kartana|0 fnt\n|faint|p2a: Kartana\n|\n|upkeep\n|\n|t:|1661317838\n|switch|p2a: Glastrier|Glastrier|57\/100\n|-damage|p2a: Glastrier|32\/100|[from] Stealth Rock\n|turn|30\n|\n|t:|1661317842\n|move|p1a: Tapu Lele|Moonblast|p2a: Glastrier\n|-damage|p2a: Glastrier|0 fnt\n|faint|p2a: Glastrier\n|\n|win|LT94JE Fuse\n|raw|LT94JE Fuse's rating: 1794 &rarr; <strong>1812<\/strong><br \/>(+18 for winning)\n|raw|2222mm's rating: 1766 &rarr; <strong>1748<\/strong><br \/>(-18 for losing)\n|c|\u2606LT94JE Fuse|Gg\n|c|\u26062222mm|gg\n|l|\u26062222mm\n|l| A Lucky Guy\n|l| lt94je nick\n|l| OneTreeWaiting\n|l| JingXia\n|l| xiaolinyo\n|l| Sjjwjwnwwn\n","uploadtime":1661318606,"views":39,"p1id":"lt94jefuse","p2id":"2222mm","formatid":"gen8ou","rating":1748,"private":0,"password":null}