{"id":"gen8ou-1370887893","p1":"Lt81yl Fusien","p2":"JoJo321","format":"gen8ou","log":"|raw|<div class=\"broadcast-blue\"><strong>This battle is required to be public due to a player having a name starting with 'lt81yl'.<\/div>\n|j|\u2606Lt81yl Fusien\n|j|\u2606JoJo321\n|t:|1625477236\n|gametype|singles\n|player|p1|Lt81yl Fusien|yellow|1807\n|player|p2|JoJo321|rood|1787\n|teamsize|p1|6\n|teamsize|p2|6\n|gen|8\n|tier|[Gen 8] OU\n|rated|\n|rule|Sleep Clause Mod: Limit one foe put to sleep\n|rule|Species Clause: Limit one of each Pok\u00e9mon\n|rule|OHKO Clause: OHKO moves are banned\n|rule|Evasion Moves Clause: Evasion moves are banned\n|rule|Endless Battle Clause: Forcing endless battles is banned\n|rule|HP Percentage Mod: HP is shown in percentages\n|rule|Dynamax Clause: You cannot dynamax\n|clearpoke\n|poke|p1|Dragonite, M|\n|poke|p1|Rotom-Wash|\n|poke|p1|Melmetal|\n|poke|p1|Weavile, F|\n|poke|p1|Landorus-Therian, M|\n|poke|p1|Volcarona, F|\n|poke|p2|Pelipper, F|\n|poke|p2|Ferrothorn, F|\n|poke|p2|Barraskewda, M|\n|poke|p2|Urshifu-*, M|\n|poke|p2|Scizor, M|\n|poke|p2|Toxtricity, F|\n|teampreview\n|inactive|Battle timer is ON: inactive players will automatically lose when time's up. (requested by Lt81yl Fusien)\n|c|\u2606Lt81yl Fusien|Hf\n|\n|t:|1625477261\n|start\n|switch|p1a: Rotom|Rotom-Wash|100\/100\n|switch|p2a: Ferrothorn|Ferrothorn, F|100\/100\n|turn|1\n|\n|t:|1625477273\n|move|p1a: Rotom|Volt Switch|p2a: Ferrothorn\n|-resisted|p2a: Ferrothorn\n|-damage|p2a: Ferrothorn|90\/100\n|\n|t:|1625477275\n|switch|p1a: Volcarona|Volcarona, F|100\/100|[from]move: Volt Switch\n|move|p2a: Ferrothorn|Stealth Rock|p1a: Volcarona\n|-sidestart|p1: Lt81yl Fusien|move: Stealth Rock\n|\n|upkeep\n|turn|2\n|\n|t:|1625477277\n|switch|p2a: Pelipper|Pelipper, F|100\/100\n|-weather|RainDance|[from] ability: Drizzle|[of] p2a: Pelipper\n|move|p1a: Volcarona|Quiver Dance|p1a: Volcarona\n|-boost|p1a: Volcarona|spa|1\n|-boost|p1a: Volcarona|spd|1\n|-boost|p1a: Volcarona|spe|1\n|\n|-weather|RainDance|[upkeep]\n|upkeep\n|turn|3\n|\n|t:|1625477278\n|move|p1a: Volcarona|Psychic|p2a: Pelipper\n|-damage|p2a: Pelipper|42\/100\n|move|p2a: Pelipper|U-turn|p1a: Volcarona\n|-resisted|p1a: Volcarona\n|-damage|p1a: Volcarona|96\/100\n|\n|t:|1625477281\n|switch|p2a: Barraskewda|Barraskewda, M|100\/100|[from]move: U-turn\n|\n|-weather|RainDance|[upkeep]\n|upkeep\n|turn|4\n|\n|t:|1625477288\n|switch|p1a: Landorus|Landorus-Therian, M, shiny|100\/100\n|-damage|p1a: Landorus|88\/100|[from] Stealth Rock\n|-ability|p1a: Landorus|Intimidate|boost\n|-unboost|p2a: Barraskewda|atk|1\n|move|p2a: Barraskewda|Flip Turn|p1a: Landorus\n|-supereffective|p1a: Landorus\n|-damage|p1a: Landorus|20\/100\n|\n|t:|1625477293\n|switch|p2a: Urshifu|Urshifu-Rapid-Strike, M|100\/100|[from]move: Flip Turn\n|\n|-weather|RainDance|[upkeep]\n|-heal|p1a: Landorus|26\/100|[from] item: Leftovers\n|upkeep\n|turn|5\n|\n|t:|1625477296\n|move|p2a: Urshifu|Surging Strikes|p1a: Landorus\n|-supereffective|p1a: Landorus\n|-crit|p1a: Landorus\n|-damage|p1a: Landorus|0 fnt\n|faint|p1a: Landorus\n|-hitcount|p1: Landorus|1\n|\n|-weather|RainDance|[upkeep]\n|upkeep\n|\n|t:|1625477301\n|switch|p1a: Dragonite|Dragonite, M, shiny|100\/100\n|turn|6\n|\n|t:|1625477307\n|switch|p1a: Volcarona|Volcarona, F|96\/100\n|move|p2a: Urshifu|Surging Strikes|p1a: Volcarona\n|-supereffective|p1a: Volcarona\n|-crit|p1a: Volcarona\n|-damage|p1a: Volcarona|0 fnt\n|-status|p2a: Urshifu|brn|[from] ability: Flame Body|[of] p1a: Volcarona\n|faint|p1a: Volcarona\n|-hitcount|p1: Volcarona|1\n|\n|-weather|RainDance|[upkeep]\n|-damage|p2a: Urshifu|94\/100 brn|[from] brn\n|upkeep\n|\n|t:|1625477313\n|switch|p1a: Dragonite|Dragonite, M, shiny|100\/100\n|turn|7\n|\n|t:|1625477315\n|switch|p2a: Ferrothorn|Ferrothorn, F|90\/100\n|move|p1a: Dragonite|Dragon Dance|p1a: Dragonite\n|-boost|p1a: Dragonite|atk|1\n|-boost|p1a: Dragonite|spe|1\n|\n|-weather|RainDance|[upkeep]\n|upkeep\n|turn|8\n|\n|t:|1625477317\n|move|p1a: Dragonite|Dragon Dance|p1a: Dragonite\n|-boost|p1a: Dragonite|atk|1\n|-boost|p1a: Dragonite|spe|1\n|move|p2a: Ferrothorn|Gyro Ball|p1a: Dragonite\n|-damage|p1a: Dragonite|74\/100\n|\n|-weather|RainDance|[upkeep]\n|upkeep\n|turn|9\n|\n|t:|1625477320\n|move|p1a: Dragonite|Roost|p1a: Dragonite\n|-heal|p1a: Dragonite|100\/100\n|-singleturn|p1a: Dragonite|move: Roost\n|move|p2a: Ferrothorn|Gyro Ball|p1a: Dragonite\n|-damage|p1a: Dragonite|75\/100\n|\n|-weather|none\n|upkeep\n|turn|10\n|\n|t:|1625477322\n|switch|p2a: Scizor|Scizor, M|100\/100\n|move|p1a: Dragonite|Roost|p1a: Dragonite\n|-heal|p1a: Dragonite|100\/100\n|-singleturn|p1a: Dragonite|move: Roost\n|\n|upkeep\n|turn|11\n|j| Tabata Toxel\n|\n|t:|1625477325\n|move|p2a: Scizor|Bullet Punch|p1a: Dragonite\n|-damage|p1a: Dragonite|73\/100\n|move|p1a: Dragonite|Dragon Dance|p1a: Dragonite\n|-boost|p1a: Dragonite|atk|1\n|-boost|p1a: Dragonite|spe|1\n|\n|upkeep\n|turn|12\n|\n|t:|1625477328\n|move|p2a: Scizor|Bullet Punch|p1a: Dragonite\n|-damage|p1a: Dragonite|17\/100\n|move|p1a: Dragonite|Roost|p1a: Dragonite\n|-heal|p1a: Dragonite|67\/100\n|-singleturn|p1a: Dragonite|move: Roost\n|\n|upkeep\n|turn|13\n|\n|t:|1625477331\n|move|p2a: Scizor|Bullet Punch|p1a: Dragonite\n|-damage|p1a: Dragonite|13\/100\n|move|p1a: Dragonite|Dual Wingbeat|p2a: Scizor\n|-damage|p2a: Scizor|32\/100\n|-damage|p2a: Scizor|0 fnt\n|faint|p2a: Scizor\n|-hitcount|p2: Scizor|2\n|\n|upkeep\n|\n|t:|1625477337\n|switch|p2a: Ferrothorn|Ferrothorn, F|90\/100\n|turn|14\n|\n|t:|1625477339\n|move|p1a: Dragonite|Roost|p1a: Dragonite\n|-heal|p1a: Dragonite|63\/100\n|-singleturn|p1a: Dragonite|move: Roost\n|move|p2a: Ferrothorn|Gyro Ball|p1a: Dragonite\n|-damage|p1a: Dragonite|11\/100\n|\n|upkeep\n|turn|15\n|\n|t:|1625477345\n|move|p1a: Dragonite|Roost|p1a: Dragonite\n|-heal|p1a: Dragonite|61\/100\n|-singleturn|p1a: Dragonite|move: Roost\n|move|p2a: Ferrothorn|Gyro Ball|p1a: Dragonite\n|-damage|p1a: Dragonite|11\/100\n|\n|upkeep\n|turn|16\n|\n|t:|1625477351\n|move|p1a: Dragonite|Roost|p1a: Dragonite\n|-heal|p1a: Dragonite|61\/100\n|-singleturn|p1a: Dragonite|move: Roost\n|move|p2a: Ferrothorn|Gyro Ball|p1a: Dragonite\n|-damage|p1a: Dragonite|12\/100\n|\n|upkeep\n|turn|17\n|\n|t:|1625477357\n|move|p1a: Dragonite|Roost|p1a: Dragonite\n|-heal|p1a: Dragonite|62\/100\n|-singleturn|p1a: Dragonite|move: Roost\n|move|p2a: Ferrothorn|Gyro Ball|p1a: Dragonite\n|-crit|p1a: Dragonite\n|-damage|p1a: Dragonite|0 fnt\n|faint|p1a: Dragonite\n|\n|upkeep\n|\n|t:|1625477366\n|switch|p1a: Weavile|Weavile, F|100\/100\n|-damage|p1a: Weavile|76\/100|[from] Stealth Rock\n|-ability|p1a: Weavile|Pressure\n|turn|18\n|\n|t:|1625477368\n|move|p1a: Weavile|Icicle Crash|p2a: Ferrothorn|[miss]\n|-miss|p1a: Weavile|p2a: Ferrothorn\n|move|p2a: Ferrothorn|Body Press|p1a: Weavile\n|-supereffective|p1a: Weavile\n|-damage|p1a: Weavile|0 fnt\n|faint|p1a: Weavile\n|\n|upkeep\n|-message|Lt81yl Fusien forfeited.\n|\n|win|JoJo321\n|raw|Lt81yl Fusien's rating: 1807 &rarr; <strong>1786<\/strong><br \/>(-21 for losing)\n|raw|JoJo321's rating: 1787 &rarr; <strong>1808<\/strong><br \/>(+21 for winning)\n|l|\u2606Lt81yl Fusien\n|l|\u2606JoJo321\n","uploadtime":1625477392,"views":33,"p1id":"lt81ylfusien","p2id":"jojo321","formatid":"gen8ou","rating":1786,"private":0,"password":null}