{"id":"gen8ou-1665440151","p1":"craneh","p2":"brettfavreinnocent","format":"gen8ou","log":"|j|\u2606craneh\n|j|\u2606brettfavreinnocent\n|t:|1663296407\n|gametype|singles\n|player|p1|craneh|169|1069\n|player|p2|brettfavreinnocent|youngster-gen4dp|1121\n|teamsize|p1|6\n|teamsize|p2|6\n|gen|8\n|tier|[Gen 8] OU\n|rated|\n|rule|Sleep Clause Mod: Limit one foe put to sleep\n|rule|Species Clause: Limit one of each Pok\u00e9mon\n|rule|OHKO Clause: OHKO moves are banned\n|rule|Evasion Items Clause: Evasion items are banned\n|rule|Evasion Moves Clause: Evasion moves are banned\n|rule|Endless Battle Clause: Forcing endless battles is banned\n|rule|HP Percentage Mod: HP is shown in percentages\n|rule|Dynamax Clause: You cannot dynamax\n|clearpoke\n|poke|p1|Ferrothorn, F|\n|poke|p1|Toxapex, M|\n|poke|p1|Heatran, F|\n|poke|p1|Clefable, F|\n|poke|p1|Skarmory, M|\n|poke|p1|Landorus-Therian, M|\n|poke|p2|Alakazam, M|\n|poke|p2|Kadabra, F|\n|poke|p2|Tapu Lele|\n|poke|p2|Stakataka|\n|poke|p2|Victini|\n|poke|p2|Mr. Rime, M|\n|teampreview\n|inactive|Battle timer is ON: inactive players will automatically lose when time's up. (requested by brettfavreinnocent)\n|\n|t:|1663296413\n|start\n|switch|p1a: Toxapex|Toxapex, M|100\/100\n|switch|p2a: Victini|Victini|100\/100\n|turn|1\n|\n|t:|1663296419\n|move|p2a: Victini|Final Gambit|p1a: Toxapex\n|-damage|p1a: Toxapex|0 fnt\n|faint|p2a: Victini\n|faint|p1a: Toxapex\n|\n|upkeep\n|\n|t:|1663296425\n|switch|p2a: Mr. Rime|Mr. Rime, M|100\/100\n|switch|p1a: Skarmory|Skarmory, M|100\/100\n|turn|2\n|\n|t:|1663296432\n|move|p2a: Mr. Rime|Trick|p1a: Skarmory\n|-activate|p2a: Mr. Rime|move: Trick|[of] p1a: Skarmory\n|-item|p1a: Skarmory|Choice Scarf|[from] move: Trick\n|-item|p2a: Mr. Rime|Quick Claw|[from] move: Trick\n|move|p1a: Skarmory|Spikes|p2a: Mr. Rime\n|-sidestart|p2: brettfavreinnocent|Spikes\n|\n|upkeep\n|turn|3\n|\n|t:|1663296438\n|move|p1a: Skarmory|Spikes|p2a: Mr. Rime\n|-sidestart|p2: brettfavreinnocent|Spikes\n|move|p2a: Mr. Rime|Block|p1a: Skarmory\n|-activate|p1a: Skarmory|trapped\n|\n|upkeep\n|turn|4\n|\n|t:|1663296445\n|move|p1a: Skarmory|Spikes|p2a: Mr. Rime\n|-sidestart|p2: brettfavreinnocent|Spikes\n|move|p2a: Mr. Rime|Copycat|p2a: Mr. Rime\n|move|p2a: Mr. Rime|Spikes|p1a: Skarmory|[from]move: Copycat\n|-sidestart|p1: craneh|Spikes\n|\n|upkeep\n|turn|5\n|c|\u2606brettfavreinnocent|welcome to the block party\n|-activate|p2a: Mr. Rime|item: Quick Claw\n|\n|t:|1663296452\n|move|p2a: Mr. Rime|Copycat|p2a: Mr. Rime\n|move|p2a: Mr. Rime|Spikes|p1a: Skarmory|[from]move: Copycat\n|-sidestart|p1: craneh|Spikes\n|move|p1a: Skarmory|Spikes||[still]\n|-fail|p1a: Skarmory\n|\n|upkeep\n|turn|6\n|\n|t:|1663296462\n|move|p1a: Skarmory|Spikes||[still]\n|-fail|p1a: Skarmory\n|move|p2a: Mr. Rime|Copycat|p2a: Mr. Rime\n|move|p2a: Mr. Rime|Spikes|p1a: Skarmory|[from]move: Copycat\n|-sidestart|p1: craneh|Spikes\n|\n|upkeep\n|turn|7\n|\n|t:|1663296469\n|move|p1a: Skarmory|Spikes||[still]\n|-fail|p1a: Skarmory\n|move|p2a: Mr. Rime|Copycat|p2a: Mr. Rime\n|move|p2a: Mr. Rime|Spikes||[from]move: Copycat|[still]\n|-fail|p2a: Mr. Rime\n|\n|upkeep\n|turn|8\n|\n|t:|1663296476\n|move|p1a: Skarmory|Spikes||[still]\n|-fail|p1a: Skarmory\n|move|p2a: Mr. Rime|Copycat|p2a: Mr. Rime\n|move|p2a: Mr. Rime|Spikes||[from]move: Copycat|[still]\n|-fail|p2a: Mr. Rime\n|\n|upkeep\n|turn|9\n|-activate|p2a: Mr. Rime|item: Quick Claw\n|\n|t:|1663296483\n|move|p2a: Mr. Rime|Copycat|p2a: Mr. Rime\n|move|p2a: Mr. Rime|Spikes||[from]move: Copycat|[still]\n|-fail|p2a: Mr. Rime\n|move|p1a: Skarmory|Spikes||[still]\n|-fail|p1a: Skarmory\n|\n|upkeep\n|turn|10\n|\n|t:|1663296493\n|move|p1a: Skarmory|Spikes||[still]\n|-fail|p1a: Skarmory\n|move|p2a: Mr. Rime|Copycat|p2a: Mr. Rime\n|move|p2a: Mr. Rime|Spikes||[from]move: Copycat|[still]\n|-fail|p2a: Mr. Rime\n|\n|upkeep\n|turn|11\n|\n|t:|1663296500\n|move|p1a: Skarmory|Spikes||[still]\n|-fail|p1a: Skarmory\n|move|p2a: Mr. Rime|Copycat|p2a: Mr. Rime\n|move|p2a: Mr. Rime|Spikes||[from]move: Copycat|[still]\n|-fail|p2a: Mr. Rime\n|\n|upkeep\n|turn|12\n|\n|t:|1663296507\n|move|p1a: Skarmory|Spikes||[still]\n|-fail|p1a: Skarmory\n|move|p2a: Mr. Rime|Copycat|p2a: Mr. Rime\n|move|p2a: Mr. Rime|Spikes||[from]move: Copycat|[still]\n|-fail|p2a: Mr. Rime\n|\n|upkeep\n|turn|13\n|c|\u2606brettfavreinnocent|can youi fastforward after you click?\n|\n|t:|1663296515\n|move|p1a: Skarmory|Spikes||[still]\n|-fail|p1a: Skarmory\n|move|p2a: Mr. Rime|Copycat|p2a: Mr. Rime\n|move|p2a: Mr. Rime|Spikes||[from]move: Copycat|[still]\n|-fail|p2a: Mr. Rime\n|\n|upkeep\n|turn|14\n|\n|t:|1663296524\n|move|p1a: Skarmory|Spikes||[still]\n|-fail|p1a: Skarmory\n|move|p2a: Mr. Rime|Copycat|p2a: Mr. Rime\n|move|p2a: Mr. Rime|Spikes||[from]move: Copycat|[still]\n|-fail|p2a: Mr. Rime\n|\n|upkeep\n|turn|15\n|\n|t:|1663296538\n|move|p1a: Skarmory|Spikes||[still]\n|-fail|p1a: Skarmory\n|move|p2a: Mr. Rime|Copycat|p2a: Mr. Rime\n|move|p2a: Mr. Rime|Spikes||[from]move: Copycat|[still]\n|-fail|p2a: Mr. Rime\n|\n|upkeep\n|turn|16\n|\n|t:|1663296540\n|move|p1a: Skarmory|Spikes||[still]\n|-fail|p1a: Skarmory\n|move|p2a: Mr. Rime|Copycat|p2a: Mr. Rime\n|move|p2a: Mr. Rime|Spikes||[from]move: Copycat|[still]\n|-fail|p2a: Mr. Rime\n|\n|upkeep\n|turn|17\n|\n|t:|1663296553\n|move|p1a: Skarmory|Spikes||[still]\n|-fail|p1a: Skarmory\n|move|p2a: Mr. Rime|Copycat|p2a: Mr. Rime\n|move|p2a: Mr. Rime|Spikes||[from]move: Copycat|[still]\n|-fail|p2a: Mr. Rime\n|\n|upkeep\n|turn|18\n|\n|t:|1663296560\n|move|p1a: Skarmory|Spikes||[still]\n|-fail|p1a: Skarmory\n|move|p2a: Mr. Rime|Copycat|p2a: Mr. Rime\n|move|p2a: Mr. Rime|Spikes||[from]move: Copycat|[still]\n|-fail|p2a: Mr. Rime\n|\n|upkeep\n|turn|19\n|\n|t:|1663296570\n|move|p1a: Skarmory|Spikes||[still]\n|-fail|p1a: Skarmory\n|move|p2a: Mr. Rime|Copycat|p2a: Mr. Rime\n|move|p2a: Mr. Rime|Spikes||[from]move: Copycat|[still]\n|-fail|p2a: Mr. Rime\n|\n|upkeep\n|turn|20\n|\n|t:|1663296577\n|move|p1a: Skarmory|Spikes||[still]\n|-fail|p1a: Skarmory\n|move|p2a: Mr. Rime|Copycat|p2a: Mr. Rime\n|move|p2a: Mr. Rime|Spikes||[from]move: Copycat|[still]\n|-fail|p2a: Mr. Rime\n|\n|upkeep\n|turn|21\n|\n|t:|1663296589\n|move|p1a: Skarmory|Spikes||[still]\n|-fail|p1a: Skarmory\n|move|p2a: Mr. Rime|Copycat|p2a: Mr. Rime\n|move|p2a: Mr. Rime|Spikes||[from]move: Copycat|[still]\n|-fail|p2a: Mr. Rime\n|\n|upkeep\n|turn|22\n|-activate|p2a: Mr. Rime|item: Quick Claw\n|\n|t:|1663296596\n|move|p2a: Mr. Rime|Copycat|p2a: Mr. Rime\n|move|p2a: Mr. Rime|Spikes||[from]move: Copycat|[still]\n|-fail|p2a: Mr. Rime\n|move|p1a: Skarmory|Spikes||[still]\n|-fail|p1a: Skarmory\n|\n|upkeep\n|turn|23\n|\n|t:|1663296606\n|move|p1a: Skarmory|Spikes||[still]\n|-fail|p1a: Skarmory\n|move|p2a: Mr. Rime|Copycat|p2a: Mr. Rime\n|move|p2a: Mr. Rime|Spikes||[from]move: Copycat|[still]\n|-fail|p2a: Mr. Rime\n|\n|upkeep\n|turn|24\n|\n|t:|1663296613\n|move|p1a: Skarmory|Spikes||[still]\n|-fail|p1a: Skarmory\n|move|p2a: Mr. Rime|Copycat|p2a: Mr. Rime\n|move|p2a: Mr. Rime|Spikes||[from]move: Copycat|[still]\n|-fail|p2a: Mr. Rime\n|\n|upkeep\n|turn|25\n|-activate|p2a: Mr. Rime|item: Quick Claw\n|\n|t:|1663296620\n|move|p2a: Mr. Rime|Copycat|p2a: Mr. Rime\n|move|p2a: Mr. Rime|Spikes||[from]move: Copycat|[still]\n|-fail|p2a: Mr. Rime\n|move|p1a: Skarmory|Spikes||[still]\n|-fail|p1a: Skarmory\n|\n|upkeep\n|turn|26\n|\n|t:|1663296628\n|move|p1a: Skarmory|Spikes||[still]\n|-fail|p1a: Skarmory\n|move|p2a: Mr. Rime|Copycat|p2a: Mr. Rime\n|move|p2a: Mr. Rime|Spikes||[from]move: Copycat|[still]\n|-fail|p2a: Mr. Rime\n|\n|upkeep\n|turn|27\n|\n|t:|1663296635\n|move|p1a: Skarmory|Spikes||[still]\n|-fail|p1a: Skarmory\n|move|p2a: Mr. Rime|Copycat|p2a: Mr. Rime\n|move|p2a: Mr. Rime|Spikes||[from]move: Copycat|[still]\n|-fail|p2a: Mr. Rime\n|\n|upkeep\n|turn|28\n|\n|t:|1663296641\n|move|p1a: Skarmory|Spikes||[still]\n|-fail|p1a: Skarmory\n|move|p2a: Mr. Rime|Copycat|p2a: Mr. Rime\n|move|p2a: Mr. Rime|Spikes||[from]move: Copycat|[still]\n|-fail|p2a: Mr. Rime\n|\n|upkeep\n|turn|29\n|-activate|p2a: Mr. Rime|item: Quick Claw\n|\n|t:|1663296648\n|move|p2a: Mr. Rime|Copycat|p2a: Mr. Rime\n|move|p2a: Mr. Rime|Spikes||[from]move: Copycat|[still]\n|-fail|p2a: Mr. Rime\n|move|p1a: Skarmory|Spikes||[still]\n|-fail|p1a: Skarmory\n|\n|upkeep\n|turn|30\n|\n|t:|1663296657\n|move|p1a: Skarmory|Spikes||[still]\n|-fail|p1a: Skarmory\n|move|p2a: Mr. Rime|Copycat|p2a: Mr. Rime\n|move|p2a: Mr. Rime|Spikes||[from]move: Copycat|[still]\n|-fail|p2a: Mr. Rime\n|\n|upkeep\n|turn|31\n|\n|t:|1663296685\n|move|p1a: Skarmory|Spikes||[still]\n|-fail|p1a: Skarmory\n|move|p2a: Mr. Rime|Copycat|p2a: Mr. Rime\n|move|p2a: Mr. Rime|Spikes||[from]move: Copycat|[still]\n|-fail|p2a: Mr. Rime\n|\n|upkeep\n|turn|32\n|-activate|p2a: Mr. Rime|item: Quick Claw\n|\n|t:|1663296692\n|move|p2a: Mr. Rime|Copycat|p2a: Mr. Rime\n|move|p2a: Mr. Rime|Spikes||[from]move: Copycat|[still]\n|-fail|p2a: Mr. Rime\n|move|p1a: Skarmory|Spikes||[still]\n|-fail|p1a: Skarmory\n|\n|upkeep\n|turn|33\n|\n|t:|1663296704\n|move|p1a: Skarmory|Spikes||[still]\n|-fail|p1a: Skarmory\n|move|p2a: Mr. Rime|Copycat|p2a: Mr. Rime\n|move|p2a: Mr. Rime|Spikes||[from]move: Copycat|[still]\n|-fail|p2a: Mr. Rime\n|\n|upkeep\n|turn|34\n|\n|t:|1663296713\n|-activate|p1a: Skarmory|move: Struggle\n|move|p1a: Skarmory|Struggle|p2a: Mr. Rime\n|-damage|p2a: Mr. Rime|90\/100\n|-damage|p1a: Skarmory|75\/100|[from] recoil\n|move|p2a: Mr. Rime|Slack Off|p2a: Mr. Rime\n|-heal|p2a: Mr. Rime|100\/100\n|\n|upkeep\n|turn|35\n|\n|t:|1663296722\n|-activate|p1a: Skarmory|move: Struggle\n|move|p1a: Skarmory|Struggle|p2a: Mr. Rime\n|-damage|p2a: Mr. Rime|90\/100\n|-damage|p1a: Skarmory|50\/100|[from] recoil\n|move|p2a: Mr. Rime|Slack Off|p2a: Mr. Rime\n|-heal|p2a: Mr. Rime|100\/100\n|\n|upkeep\n|turn|36\n|\n|t:|1663296739\n|-activate|p1a: Skarmory|move: Struggle\n|move|p1a: Skarmory|Struggle|p2a: Mr. Rime\n|-damage|p2a: Mr. Rime|90\/100\n|-damage|p1a: Skarmory|25\/100|[from] recoil\n|move|p2a: Mr. Rime|Slack Off|p2a: Mr. Rime\n|-heal|p2a: Mr. Rime|100\/100\n|\n|upkeep\n|turn|37\n|\n|t:|1663296750\n|-activate|p1a: Skarmory|move: Struggle\n|move|p1a: Skarmory|Struggle|p2a: Mr. Rime\n|-damage|p2a: Mr. Rime|90\/100\n|-damage|p1a: Skarmory|0 fnt|[from] recoil\n|faint|p1a: Skarmory\n|move|p2a: Mr. Rime|Trick|p1: Skarmory|[notarget]\n|-fail|p2a: Mr. Rime\n|\n|upkeep\n|\n|t:|1663296759\n|switch|p1a: Heatran|Heatran, F|100\/100\n|-damage|p1a: Heatran|75\/100|[from] Spikes\n|turn|38\n|\n|t:|1663296764\n|move|p1a: Heatran|Magma Storm|p2a: Mr. Rime\n|-supereffective|p2a: Mr. Rime\n|-damage|p2a: Mr. Rime|0 fnt\n|faint|p2a: Mr. Rime\n|\n|upkeep\n|\n|t:|1663296775\n|switch|p2a: Stakataka|Stakataka|100\/100\n|-damage|p2a: Stakataka|76\/100|[from] Spikes\n|turn|39\n|\n|t:|1663296781\n|move|p1a: Heatran|Magma Storm|p2a: Stakataka\n|-damage|p2a: Stakataka|19\/100\n|-activate|p2a: Stakataka|move: Magma Storm|[of] p1a: Heatran\n|move|p2a: Stakataka|Trick Room|p2a: Stakataka\n|-fieldstart|move: Trick Room|[of] p2a: Stakataka\n|\n|-damage|p2a: Stakataka|6\/100|[from] move: Magma Storm|[partiallytrapped]\n|upkeep\n|turn|40\n|\n|t:|1663296789\n|switch|p1a: Ferrothorn|Ferrothorn, F|100\/100\n|-damage|p1a: Ferrothorn|75\/100|[from] Spikes\n|move|p2a: Stakataka|Stone Edge|p1a: Ferrothorn|[miss]\n|-miss|p2a: Stakataka|p1a: Ferrothorn\n|\n|-heal|p1a: Ferrothorn|82\/100|[from] item: Leftovers\n|-end|p2a: Stakataka|Magma Storm|[partiallytrapped]|[silent]\n|upkeep\n|turn|41\n|\n|t:|1663296799\n|move|p2a: Stakataka|Heat Crash|p1a: Ferrothorn\n|-supereffective|p1a: Ferrothorn\n|-damage|p1a: Ferrothorn|0 fnt\n|-damage|p2a: Stakataka|0 fnt|[from] ability: Iron Barbs|[of] p1a: Ferrothorn\n|faint|p1a: Ferrothorn\n|faint|p2a: Stakataka\n|\n|upkeep\n|\n|t:|1663296807\n|switch|p2a: Tapu Lele|Tapu Lele|100\/100\n|switch|p1a: Landorus|Landorus-Therian, M|100\/100\n|-ability|p1a: Landorus|Intimidate|boost\n|-unboost|p2a: Tapu Lele|atk|1\n|-damage|p2a: Tapu Lele|76\/100|[from] Spikes\n|-fieldstart|move: Psychic Terrain|[from] ability: Psychic Surge|[of] p2a: Tapu Lele\n|turn|42\n|\n|t:|1663296819\n|move|p1a: Landorus|Knock Off|p2a: Tapu Lele\n|-damage|p2a: Tapu Lele|23\/100\n|-enditem|p2a: Tapu Lele|Terrain Extender|[from] move: Knock Off|[of] p1a: Landorus\n|move|p2a: Tapu Lele|Psyshock|p1a: Landorus\n|-crit|p1a: Landorus\n|-damage|p1a: Landorus|0 fnt\n|faint|p1a: Landorus\n|\n|upkeep\n|\n|t:|1663296828\n|switch|p1a: Clefable|Clefable, F|100\/100\n|turn|43\n|\n|t:|1663296832\n|move|p1a: Clefable|Moonblast|p2a: Tapu Lele\n|-damage|p2a: Tapu Lele|0 fnt\n|faint|p2a: Tapu Lele\n|\n|-fieldend|move: Trick Room\n|upkeep\n|\n|t:|1663296838\n|switch|p2a: Kadabra|Kadabra, F|100\/100\n|turn|44\n|\n|t:|1663296844\n|move|p2a: Kadabra|Expanding Force|p1a: Clefable\n|-damage|p1a: Clefable|26\/100\n|move|p1a: Clefable|Focus Blast|p2a: Kadabra\n|-resisted|p2a: Kadabra\n|-damage|p2a: Kadabra|62\/100\n|\n|upkeep\n|turn|45\n|\n|t:|1663296851\n|move|p2a: Kadabra|Expanding Force|p1a: Clefable\n|-damage|p1a: Clefable|0 fnt\n|faint|p1a: Clefable\n|\n|upkeep\n|\n|t:|1663296856\n|switch|p1a: Heatran|Heatran, F|75\/100\n|-damage|p1a: Heatran|50\/100|[from] Spikes\n|turn|46\n|\n|t:|1663296863\n|move|p1a: Heatran|Magma Storm|p2a: Kadabra|[miss]\n|-miss|p1a: Heatran|p2a: Kadabra\n|move|p2a: Kadabra|Expanding Force|p1a: Heatran\n|-resisted|p1a: Heatran\n|-crit|p1a: Heatran\n|-damage|p1a: Heatran|0 fnt\n|faint|p1a: Heatran\n|\n|win|brettfavreinnocent\n|raw|craneh's rating: 1069 &rarr; <strong>1053<\/strong><br \/>(-16 for losing)\n|raw|brettfavreinnocent's rating: 1150 &rarr; <strong>1169<\/strong><br \/>(+19 for winning)\n|l|\u2606craneh\n||Ladder isn't responding, score probably updated but might not have (Request timeout).\n|player|p2|brettfavreinnocent|youngster-gen4dp\n","uploadtime":1663297020,"views":13,"p1id":"craneh","p2id":"brettfavreinnocent","formatid":"gen8ou","rating":1053,"private":0,"password":null}