{"id":"gen8doublesubers-1706966230","p1":"Ghostmeme","p2":"SitrusPatch","format":"gen8doublesubers","log":"|j|\u2606Ghostmeme\n|j|\u2606SitrusPatch\n|t:|1668037116\n|gametype|doubles\n|player|p1|Ghostmeme|clair|1015\n|player|p2|SitrusPatch|bugcatcher-gen4dp|1104\n|teamsize|p1|6\n|teamsize|p2|6\n|gen|8\n|tier|[Gen 8] Doubles Ubers\n|rated|\n|rule|Species Clause: Limit one of each Pok\u00e9mon\n|rule|OHKO Clause: OHKO moves are banned\n|rule|Evasion Moves Clause: Evasion moves are banned\n|rule|Endless Battle Clause: Forcing endless battles is banned\n|rule|HP Percentage Mod: HP is shown in percentages\n|clearpoke\n|poke|p1|Blacephalon|\n|poke|p1|Throh, M|\n|poke|p1|Comfey, F|\n|poke|p1|Clefable, F|\n|poke|p1|Whimsicott, M|\n|poke|p1|Ninetales, M|\n|poke|p2|Throh, M|\n|poke|p2|Marshadow|\n|poke|p2|Pheromosa|\n|poke|p2|Zacian-*|\n|poke|p2|Incineroar, F|\n|poke|p2|Kyogre|\n|teampreview\n|inactive|Battle timer is ON: inactive players will automatically lose when time's up. (requested by SitrusPatch)\n|\n|t:|1668037121\n|start\n|switch|p1a: Blacephalon|Blacephalon|100\/100\n|switch|p1b: Throh|Throh, M|100\/100\n|switch|p2a: Throh|Throh, M|100\/100\n|switch|p2b: Pheromosa|Pheromosa|100\/100\n|-ability|p1b: Throh|Mold Breaker\n|turn|1\n|c|\u2606Ghostmeme|hm\n|-message|SitrusPatch forfeited.\n|\n|win|Ghostmeme\n|raw|Ghostmeme's rating: 1015 &rarr; <strong>1062<\/strong><br \/>(+47 for winning)\n|raw|SitrusPatch's rating: 1104 &rarr; <strong>1073<\/strong><br \/>(-31 for losing)\n|l|\u2606SitrusPatch\n|j|\u2606SitrusPatch\n|player|p2|SitrusPatch|bugcatcher-gen4dp\n","uploadtime":1668037133,"views":3,"p1id":"ghostmeme","p2id":"sitruspatch","formatid":"gen8doublesubers","rating":1062,"private":0,"password":null}