{"id":"gen8ou-1154606354","p1":"Vxtc","p2":"ArcanineSquad","format":"gen8ou","log":"|j|\u2606Vxtc\n|j|\u2606ArcanineSquad\n|player|p1|Vxtc|1|\n|player|p2|ArcanineSquad|cynthia-gen4|\n|teamsize|p1|2\n|teamsize|p2|2\n|gametype|singles\n|gen|8\n|tier|[Gen 8] OU\n|clearpoke\n|poke|p1|Azumarill, F|\n|poke|p1|Palossand, M|\n|poke|p2|Clefable, F|\n|poke|p2|Hydreigon, M|\n|rule|Sleep Clause Mod: Limit one foe put to sleep\n|rule|Species Clause: Limit one of each Pok\u00e9mon\n|rule|OHKO Clause: OHKO moves are banned\n|rule|Evasion Moves Clause: Evasion moves are banned\n|rule|Endless Battle Clause: Forcing endless battles is banned\n|rule|HP Percentage Mod: HP is shown in percentages\n|rule|Dynamax Clause: You cannot dynamax\n|teampreview\n|\n|start\n|switch|p1a: Palossand|Palossand, M|100\/100\n|switch|p2a: Clefable|Clefable, F, shiny|100\/100\n|turn|1\n|\n|switch|p2a: Hydreigon|Hydreigon, M|100\/100\n|move|p1a: Palossand|Scorching Sands|p2a: Hydreigon\n|-immune|p2a: Hydreigon|[from] ability: Levitate\n|\n|upkeep\n|turn|2\n|\n|switch|p1a: Azumarill|Azumarill, F|100\/100\n|move|p2a: Hydreigon|Substitute|p2a: Hydreigon\n|-start|p2a: Hydreigon|Substitute\n|-damage|p2a: Hydreigon|76\/100\n|\n|upkeep\n|turn|3\n|\n|move|p2a: Hydreigon|Nasty Plot|p2a: Hydreigon\n|-boost|p2a: Hydreigon|spa|2\n|move|p1a: Azumarill|Play Rough|p2a: Hydreigon\n|-supereffective|p2a: Hydreigon\n|-end|p2a: Hydreigon|Substitute\n|\n|upkeep\n|turn|4\n|\n|move|p2a: Hydreigon|Substitute|p2a: Hydreigon\n|-start|p2a: Hydreigon|Substitute\n|-damage|p2a: Hydreigon|51\/100\n|move|p1a: Azumarill|Play Rough|p2a: Hydreigon\n|-supereffective|p2a: Hydreigon\n|-end|p2a: Hydreigon|Substitute\n|\n|upkeep\n|turn|5\n|\n|move|p2a: Hydreigon|Substitute|p2a: Hydreigon\n|-start|p2a: Hydreigon|Substitute\n|-damage|p2a: Hydreigon|26\/100\n|move|p1a: Azumarill|Play Rough|p2a: Hydreigon\n|-supereffective|p2a: Hydreigon\n|-end|p2a: Hydreigon|Substitute\n|\n|upkeep\n|turn|6\n|\n|move|p2a: Hydreigon|Substitute|p2a: Hydreigon\n|-start|p2a: Hydreigon|Substitute\n|-damage|p2a: Hydreigon|1\/100\n|-enditem|p2a: Hydreigon|Salac Berry|[eat]\n|-boost|p2a: Hydreigon|spe|1|[from] item: Salac Berry\n|move|p1a: Azumarill|Play Rough|p2a: Hydreigon\n|-supereffective|p2a: Hydreigon\n|-end|p2a: Hydreigon|Substitute\n|\n|upkeep\n|turn|7\n|\n|move|p2a: Hydreigon|Belch|p1a: Azumarill\n|-supereffective|p1a: Azumarill\n|-damage|p1a: Azumarill|0 fnt\n|faint|p1a: Azumarill\n|\n|upkeep\n|\n|switch|p1a: Palossand|Palossand, M|100\/100\n|turn|8\n|\n|move|p2a: Hydreigon|Nasty Plot|p2a: Hydreigon\n|-boost|p2a: Hydreigon|spa|2\n|move|p1a: Palossand|Poltergeist||[still]\n|-fail|p1a: Palossand\n|\n|upkeep\n|turn|9\n|\n|move|p2a: Hydreigon|Dark Pulse|p1a: Palossand\n|-supereffective|p1a: Palossand\n|-damage|p1a: Palossand|0 fnt\n|faint|p1a: Palossand\n|\n|win|ArcanineSquad\n|l|\u2606Vxtc\n","uploadtime":1595266455,"views":9,"p1id":"vxtc","p2id":"arcaninesquad","formatid":"gen8ou","rating":0,"private":0,"password":null}