{"id":"gen8ou-1688386127","p1":"Huskothy","p2":"minimax_ai","format":"gen8ou","log":"|html|<div class=\"broadcast-blue\"><strong>[Gen 8] OU is currently suspecting Melmetal! For information on how to participate check out the <a href=\"https:\/\/www.smogon.com\/forums\/threads\/np-ss-ou-suspect-process-round-12-monster-mash.3709234\/\">suspect thread<\/a>.<\/strong><\/div>\n|j|\u2606Huskothy\n|j|\u2606minimax_ai\n|t:|1666059587\n|gametype|singles\n|player|p1|Huskothy|lucas|1718\n|player|p2|minimax_ai|lusamine-nihilego|1586\n|teamsize|p1|6\n|teamsize|p2|6\n|gen|8\n|tier|[Gen 8] OU\n|rated|\n|rule|Sleep Clause Mod: Limit one foe put to sleep\n|rule|Species Clause: Limit one of each Pok\u00e9mon\n|rule|OHKO Clause: OHKO moves are banned\n|rule|Evasion Items Clause: Evasion items are banned\n|rule|Evasion Moves Clause: Evasion moves are banned\n|rule|Endless Battle Clause: Forcing endless battles is banned\n|rule|HP Percentage Mod: HP is shown in percentages\n|rule|Dynamax Clause: You cannot dynamax\n|clearpoke\n|poke|p1|Electivire, F|\n|poke|p1|Mew|\n|poke|p1|Rillaboom, F|\n|poke|p1|Dragapult, M|\n|poke|p1|Urshifu-*, M|\n|poke|p1|Heatran, F|\n|poke|p2|Rotom-Wash|\n|poke|p2|Weavile, F|\n|poke|p2|Landorus-Therian, M|\n|poke|p2|Heatran, M|\n|poke|p2|Tangrowth, M|\n|poke|p2|Melmetal|\n|teampreview\n|c|\u2606minimax_ai|hf\n|inactive|Battle timer is ON: inactive players will automatically lose when time's up. (requested by minimax_ai)\n|\n|t:|1666059591\n|start\n|switch|p1a: Mew|Mew|100\/100\n|switch|p2a: landorustherian|Landorus-Therian, M|100\/100\n|-ability|p2a: landorustherian|Intimidate|boost\n|-unboost|p1a: Mew|atk|1\n|turn|1\n|c|\u2606Huskothy|u2\n|\n|t:|1666059595\n|move|p1a: Mew|Stealth Rock|p2a: landorustherian\n|-sidestart|p2: minimax_ai|move: Stealth Rock\n|move|p2a: landorustherian|Toxic|p1a: Mew\n|-status|p1a: Mew|tox\n|-activate|p1a: Mew|ability: Synchronize\n|-status|p2a: landorustherian|tox\n|\n|-damage|p1a: Mew|94\/100 tox|[from] psn\n|-damage|p2a: landorustherian|94\/100 tox|[from] psn\n|upkeep\n|turn|2\n|\n|t:|1666059596\n|move|p1a: Mew|Spikes|p2a: landorustherian\n|-sidestart|p2: minimax_ai|Spikes\n|move|p2a: landorustherian|Defog|p1a: Mew\n|-unboost|p1a: Mew|evasion|1\n|-sideend|p2: minimax_ai|Spikes|[from] move: Defog|[of] p2a: landorustherian\n|-sideend|p2: minimax_ai|Stealth Rock|[from] move: Defog|[of] p2a: landorustherian\n|\n|-heal|p2a: landorustherian|100\/100 tox|[from] item: Leftovers\n|-damage|p1a: Mew|82\/100 tox|[from] psn\n|-damage|p2a: landorustherian|88\/100 tox|[from] psn\n|upkeep\n|turn|3\n|\n|t:|1666059598\n|move|p1a: Mew|Stealth Rock|p2a: landorustherian\n|-sidestart|p2: minimax_ai|move: Stealth Rock\n|move|p2a: landorustherian|Earthquake|p1a: Mew\n|-damage|p1a: Mew|40\/100 tox\n|\n|-heal|p2a: landorustherian|94\/100 tox|[from] item: Leftovers\n|-damage|p1a: Mew|22\/100 tox|[from] psn\n|-damage|p2a: landorustherian|76\/100 tox|[from] psn\n|upkeep\n|turn|4\n|\n|t:|1666059601\n|move|p1a: Mew|Taunt|p2a: landorustherian\n|-start|p2a: landorustherian|move: Taunt\n|cant|p2a: landorustherian|move: Taunt|Defog\n|\n|-heal|p2a: landorustherian|82\/100 tox|[from] item: Leftovers\n|-damage|p1a: Mew|0 fnt|[from] psn\n|faint|p1a: Mew\n|-damage|p2a: landorustherian|58\/100 tox|[from] psn\n|upkeep\n|\n|t:|1666059605\n|switch|p1a: Electivire|Electivire, F|100\/100\n|turn|5\n|\n|t:|1666059608\n|switch|p2a: Tangrowth|Tangrowth, M|100\/100\n|-damage|p2a: Tangrowth|88\/100|[from] Stealth Rock\n|move|p1a: Electivire|Ice Punch|p2a: Tangrowth\n|-supereffective|p2a: Tangrowth\n|-damage|p2a: Tangrowth|51\/100\n|-damage|p1a: Electivire|84\/100|[from] item: Rocky Helmet|[of] p2a: Tangrowth\n|-damage|p1a: Electivire|74\/100|[from] item: Life Orb\n|\n|upkeep\n|turn|6\n|\n|t:|1666059610\n|switch|p2a: rotomwash|Rotom-Wash|100\/100\n|-damage|p2a: rotomwash|88\/100|[from] Stealth Rock\n|move|p1a: Electivire|Flamethrower|p2a: rotomwash\n|-resisted|p2a: rotomwash\n|-damage|p2a: rotomwash|74\/100\n|-status|p2a: rotomwash|brn\n|-damage|p1a: Electivire|64\/100|[from] item: Life Orb\n|\n|-heal|p2a: rotomwash|80\/100 brn|[from] item: Leftovers\n|-damage|p2a: rotomwash|74\/100 brn|[from] brn\n|upkeep\n|turn|7\n|\n|t:|1666059612\n|move|p1a: Electivire|Wild Charge|p2a: rotomwash\n|-damage|p2a: rotomwash|6\/100 brn\n|-damage|p1a: Electivire|46\/100|[from] Recoil\n|-damage|p1a: Electivire|36\/100|[from] item: Life Orb\n|move|p2a: rotomwash|Pain Split|p1a: Electivire\n|-sethp|p1a: Electivire|21\/100|[from] move: Pain Split|[silent]\n|-sethp|p2a: rotomwash|20\/100 brn|[from] move: Pain Split\n|\n|-heal|p2a: rotomwash|26\/100 brn|[from] item: Leftovers\n|-damage|p2a: rotomwash|20\/100 brn|[from] brn\n|upkeep\n|turn|8\n|\n|t:|1666059617\n|switch|p2a: landorustherian|Landorus-Therian, M|58\/100 tox\n|-damage|p2a: landorustherian|46\/100 tox|[from] Stealth Rock\n|-ability|p2a: landorustherian|Intimidate|boost\n|-unboost|p1a: Electivire|atk|1\n|move|p1a: Electivire|Wild Charge|p2a: landorustherian\n|-immune|p2a: landorustherian\n|\n|-heal|p2a: landorustherian|52\/100 tox|[from] item: Leftovers\n|-damage|p2a: landorustherian|46\/100 tox|[from] psn\n|upkeep\n|turn|9\n|\n|t:|1666059620\n|switch|p2a: Melmetal|Melmetal|100\/100\n|-damage|p2a: Melmetal|94\/100|[from] Stealth Rock\n|move|p1a: Electivire|Flamethrower|p2a: Melmetal\n|-supereffective|p2a: Melmetal\n|-damage|p2a: Melmetal|67\/100\n|-damage|p1a: Electivire|11\/100|[from] item: Life Orb\n|\n|upkeep\n|turn|10\n|j| KangkongNation2\n|\n|t:|1666059624\n|switch|p1a: Heatran|Heatran, F|100\/100\n|-item|p1a: Heatran|Air Balloon\n|move|p2a: Melmetal|Double Iron Bash|p1a: Heatran\n|-resisted|p1a: Heatran\n|-damage|p1a: Heatran|91\/100\n|-enditem|p1a: Heatran|Air Balloon\n|-resisted|p1a: Heatran\n|-damage|p1a: Heatran|81\/100\n|-hitcount|p1a: Heatran|2\n|\n|upkeep\n|turn|11\n|\n|t:|1666059628\n|switch|p2a: Heatran|Heatran, M|100\/100\n|-damage|p2a: Heatran|88\/100|[from] Stealth Rock\n|-item|p2a: Heatran|Air Balloon\n|move|p1a: Heatran|Magma Storm|p2a: Heatran\n|-start|p2a: Heatran|ability: Flash Fire\n|\n|upkeep\n|turn|12\n|\n|t:|1666059631\n|switch|p1a: Urshifu|Urshifu-Rapid-Strike, M|100\/100\n|move|p2a: Heatran|Eruption|p1a: Urshifu\n|-resisted|p1a: Urshifu\n|-damage|p1a: Urshifu|19\/100\n|\n|upkeep\n|turn|13\n|\n|t:|1666059635\n|-end|p2a: Heatran|ability: Flash Fire|[silent]\n|switch|p2a: Tangrowth|Tangrowth, M|84\/100\n|-damage|p2a: Tangrowth|72\/100|[from] Stealth Rock\n|move|p1a: Urshifu|U-turn|p2a: Tangrowth\n|-supereffective|p2a: Tangrowth\n|-damage|p2a: Tangrowth|47\/100\n|\n|t:|1666059643\n|switch|p1a: Dragapult|Dragapult, M|100\/100|[from]move: U-turn\n|\n|upkeep\n|turn|14\n|l| KangkongNation2\n|\n|t:|1666059649\n|switch|p2a: landorustherian|Landorus-Therian, M|46\/100 tox\n|-damage|p2a: landorustherian|34\/100 tox|[from] Stealth Rock\n|-ability|p2a: landorustherian|Intimidate|boost\n|-unboost|p1a: Dragapult|atk|1\n|move|p1a: Dragapult|Shadow Ball|p2a: landorustherian\n|-damage|p2a: landorustherian|0 fnt\n|faint|p2a: landorustherian\n|\n|upkeep\n|\n|t:|1666059650\n|switch|p2a: Weavile|Weavile, F|100\/100\n|-damage|p2a: Weavile|76\/100|[from] Stealth Rock\n|-ability|p2a: Weavile|Pressure\n|turn|15\n|\n|t:|1666059653\n|switch|p1a: Heatran|Heatran, F|81\/100\n|move|p2a: Weavile|Knock Off|p1a: Heatran\n|-damage|p1a: Heatran|34\/100\n|\n|upkeep\n|turn|16\n|\n|t:|1666059659\n|move|p2a: Weavile|Knock Off|p1a: Heatran\n|-damage|p1a: Heatran|0 fnt\n|faint|p1a: Heatran\n|\n|upkeep\n|\n|t:|1666059672\n|switch|p1a: Dragapult|Dragapult, M|100\/100\n|turn|17\n|\n|t:|1666059675\n|switch|p2a: Melmetal|Melmetal|67\/100\n|-damage|p2a: Melmetal|61\/100|[from] Stealth Rock\n|move|p1a: Dragapult|Draco Meteor|p2a: Melmetal\n|-resisted|p2a: Melmetal\n|-damage|p2a: Melmetal|38\/100\n|-unboost|p1a: Dragapult|spa|2\n|\n|upkeep\n|turn|18\n|\n|t:|1666059679\n|switch|p1a: Electivire|Electivire, F|11\/100\n|move|p2a: Melmetal|Double Iron Bash|p1a: Electivire\n|-resisted|p1a: Electivire\n|-damage|p1a: Electivire|0 fnt\n|faint|p1a: Electivire\n|-hitcount|p1: Electivire|1\n|\n|upkeep\n|\n|t:|1666059681\n|switch|p1a: Urshifu|Urshifu-Rapid-Strike, M|19\/100\n|turn|19\n|\n|t:|1666059683\n|switch|p2a: Tangrowth|Tangrowth, M|80\/100\n|-damage|p2a: Tangrowth|68\/100|[from] Stealth Rock\n|move|p1a: Urshifu|Close Combat|p2a: Tangrowth\n|-damage|p2a: Tangrowth|33\/100\n|-unboost|p1a: Urshifu|def|1\n|-unboost|p1a: Urshifu|spd|1\n|\n|upkeep\n|turn|20\n|\n|t:|1666059686\n|move|p1a: Urshifu|Close Combat|p2a: Tangrowth\n|-damage|p2a: Tangrowth|0 fnt\n|-unboost|p1a: Urshifu|def|1\n|-unboost|p1a: Urshifu|spd|1\n|faint|p2a: Tangrowth\n|\n|upkeep\n|\n|t:|1666059686\n|switch|p2a: Weavile|Weavile, F|76\/100\n|-damage|p2a: Weavile|51\/100|[from] Stealth Rock\n|-ability|p2a: Weavile|Pressure\n|turn|21\n|\n|t:|1666059688\n|switch|p1a: Rillaboom|Rillaboom, F|100\/100\n|-fieldstart|move: Grassy Terrain|[from] ability: Grassy Surge|[of] p1a: Rillaboom\n|move|p2a: Weavile|Ice Shard|p1a: Rillaboom\n|-supereffective|p1a: Rillaboom\n|-damage|p1a: Rillaboom|42\/100\n|\n|-heal|p2a: Weavile|57\/100|[from] Grassy Terrain\n|-heal|p1a: Rillaboom|48\/100|[from] Grassy Terrain\n|-heal|p1a: Rillaboom|55\/100|[from] item: Leftovers\n|upkeep\n|turn|22\n|\n|t:|1666059695\n|move|p2a: Weavile|Ice Shard|p1a: Rillaboom\n|-supereffective|p1a: Rillaboom\n|-damage|p1a: Rillaboom|0 fnt\n|faint|p1a: Rillaboom\n|\n|-heal|p2a: Weavile|63\/100|[from] Grassy Terrain\n|upkeep\n|\n|t:|1666059698\n|switch|p1a: Dragapult|Dragapult, M|100\/100\n|turn|23\n|\n|t:|1666059700\n|move|p2a: Weavile|Ice Shard|p1a: Dragapult\n|-supereffective|p1a: Dragapult\n|-damage|p1a: Dragapult|15\/100\n|move|p1a: Dragapult|U-turn|p2a: Weavile\n|-supereffective|p2a: Weavile\n|-damage|p2a: Weavile|8\/100\n|\n|t:|1666059702\n|switch|p1a: Urshifu|Urshifu-Rapid-Strike, M|19\/100|[from]move: U-turn\n|\n|-heal|p2a: Weavile|14\/100|[from] Grassy Terrain\n|-heal|p1a: Urshifu|25\/100|[from] Grassy Terrain\n|upkeep\n|turn|24\n|\n|t:|1666059704\n|move|p2a: Weavile|Ice Shard|p1a: Urshifu\n|-resisted|p1a: Urshifu\n|-damage|p1a: Urshifu|9\/100\n|move|p1a: Urshifu|U-turn|p2a: Weavile\n|-supereffective|p2a: Weavile\n|-damage|p2a: Weavile|0 fnt\n|faint|p2a: Weavile\n|\n|t:|1666059708\n|switch|p1a: Dragapult|Dragapult, M|15\/100|[from]move: U-turn\n|\n|-heal|p1a: Dragapult|21\/100|[from] Grassy Terrain\n|upkeep\n|\n|t:|1666059708\n|switch|p2a: Heatran|Heatran, M|88\/100\n|-damage|p2a: Heatran|76\/100|[from] Stealth Rock\n|-item|p2a: Heatran|Air Balloon\n|turn|25\n|\n|t:|1666059712\n|move|p1a: Dragapult|Shadow Ball|p2a: Heatran\n|-damage|p2a: Heatran|21\/100\n|-enditem|p2a: Heatran|Air Balloon\n|move|p2a: Heatran|Earth Power|p1a: Dragapult\n|-damage|p1a: Dragapult|0 fnt\n|faint|p1a: Dragapult\n|\n|-heal|p2a: Heatran|27\/100|[from] Grassy Terrain\n|-fieldend|move: Grassy Terrain\n|upkeep\n|\n|t:|1666059713\n|switch|p1a: Urshifu|Urshifu-Rapid-Strike, M|9\/100\n|turn|26\n|\n|t:|1666059715\n|switch|p2a: rotomwash|Rotom-Wash|20\/100 brn\n|-damage|p2a: rotomwash|8\/100 brn|[from] Stealth Rock\n|move|p1a: Urshifu|Close Combat|p2a: rotomwash\n|-damage|p2a: rotomwash|0 fnt\n|-unboost|p1a: Urshifu|def|1\n|-unboost|p1a: Urshifu|spd|1\n|faint|p2a: rotomwash\n|\n|upkeep\n|\n|t:|1666059715\n|switch|p2a: Heatran|Heatran, M|27\/100\n|-damage|p2a: Heatran|15\/100|[from] Stealth Rock\n|turn|27\n|\n|t:|1666059717\n|move|p1a: Urshifu|Aqua Jet|p2a: Heatran\n|-supereffective|p2a: Heatran\n|-damage|p2a: Heatran|0 fnt\n|faint|p2a: Heatran\n|\n|upkeep\n|\n|t:|1666059717\n|switch|p2a: Melmetal|Melmetal|38\/100\n|-damage|p2a: Melmetal|32\/100|[from] Stealth Rock\n|turn|28\n|\n|t:|1666059718\n|move|p1a: Urshifu|Close Combat|p2a: Melmetal\n|-supereffective|p2a: Melmetal\n|-damage|p2a: Melmetal|0 fnt\n|-unboost|p1a: Urshifu|def|1\n|-unboost|p1a: Urshifu|spd|1\n|faint|p2a: Melmetal\n|\n|win|Huskothy\n|raw|Huskothy's rating: 1718 &rarr; <strong>1731<\/strong><br \/>(+13 for winning)\n|raw|minimax_ai's rating: 1586 &rarr; <strong>1573<\/strong><br \/>(-13 for losing)\n|c|\u2606minimax_ai|gg\n|c|\u2606Huskothy|gg\n|l|\u2606minimax_ai\n||Ladder isn't responding, score probably updated but might not have (Request timeout).\n","uploadtime":1666059720,"views":23,"p1id":"huskothy","p2id":"minimaxai","formatid":"gen8ou","rating":1573,"private":0,"password":null}