{"id":"gen8ou-1672370925","p1":"Shotintheheart","p2":"newinthegame","format":"gen8ou","log":"|j|\u2606Shotintheheart\n|j|\u2606newinthegame\n|t:|1664364870\n|gametype|singles\n|player|p1|Shotintheheart|linebacker|1849\n|player|p2|newinthegame|cynthia-gen4|1861\n|teamsize|p1|6\n|teamsize|p2|6\n|gen|8\n|tier|[Gen 8] OU\n|rated|\n|rule|Sleep Clause Mod: Limit one foe put to sleep\n|rule|Species Clause: Limit one of each Pok\u00e9mon\n|rule|OHKO Clause: OHKO moves are banned\n|rule|Evasion Items Clause: Evasion items are banned\n|rule|Evasion Moves Clause: Evasion moves are banned\n|rule|Endless Battle Clause: Forcing endless battles is banned\n|rule|HP Percentage Mod: HP is shown in percentages\n|rule|Dynamax Clause: You cannot dynamax\n|clearpoke\n|poke|p1|Rillaboom, F|\n|poke|p1|Zapdos|\n|poke|p1|Obstagoon, M|\n|poke|p1|Heatran, M|\n|poke|p1|Tapu Fini|\n|poke|p1|Swampert, M|\n|poke|p2|Tapu Lele|\n|poke|p2|Blissey, F|\n|poke|p2|Urshifu-*, M|\n|poke|p2|Landorus-Therian, M|\n|poke|p2|Heatran, M|\n|poke|p2|Slowbro, M|\n|teampreview\n|inactive|Battle timer is ON: inactive players will automatically lose when time's up. (requested by newinthegame)\n|\n|t:|1664364884\n|start\n|switch|p1a: Rillaboom|Rillaboom, F|100\/100\n|switch|p2a: Urshifu|Urshifu-Rapid-Strike, M|100\/100\n|-fieldstart|move: Grassy Terrain|[from] ability: Grassy Surge|[of] p1a: Rillaboom\n|turn|1\n|\n|t:|1664364909\n|switch|p2a: Landorus|Landorus-Therian, M|100\/100\n|-ability|p2a: Landorus|Intimidate|boost\n|-unboost|p1a: Rillaboom|atk|1\n|move|p1a: Rillaboom|Grassy Glide|p2a: Landorus\n|-damage|p2a: Landorus|66\/100\n|\n|-heal|p2a: Landorus|72\/100|[from] item: Leftovers\n|upkeep\n|turn|2\n|\n|t:|1664364923\n|switch|p1a: Swampert|Swampert, M|100\/100\n|move|p2a: Landorus|U-turn|p1a: Swampert\n|-damage|p1a: Swampert|79\/100\n|\n|t:|1664364926\n|switch|p2a: Tapu Lele|Tapu Lele|100\/100|[from]move: U-turn\n|-fieldstart|move: Psychic Terrain|[from] ability: Psychic Surge|[of] p2a: Tapu Lele\n|\n|-heal|p1a: Swampert|85\/100|[from] item: Leftovers\n|upkeep\n|turn|3\n|\n|t:|1664364935\n|move|p2a: Tapu Lele|Psyshock|p1a: Swampert\n|-damage|p1a: Swampert|7\/100\n|move|p1a: Swampert|Flip Turn|p2a: Tapu Lele\n|-damage|p2a: Tapu Lele|49\/100\n|\n|t:|1664364943\n|switch|p1a: Obstagoon|Obstagoon, M|100\/100|[from]move: Flip Turn\n|\n|-status|p1a: Obstagoon|brn|[from] item: Flame Orb\n|upkeep\n|turn|4\n|\n|t:|1664364948\n|switch|p2a: Urshifu|Urshifu-Rapid-Strike, M|100\/100\n|move|p1a: Obstagoon|Switcheroo|p2a: Urshifu\n|-activate|p1a: Obstagoon|move: Trick|[of] p2a: Urshifu\n|-item|p2a: Urshifu|Flame Orb|[from] move: Switcheroo\n|-item|p1a: Obstagoon|Choice Scarf|[from] move: Switcheroo\n|\n|-damage|p1a: Obstagoon|95\/100 brn|[from] brn\n|-status|p2a: Urshifu|brn|[from] item: Flame Orb\n|upkeep\n|turn|5\n|\n|t:|1664364958\n|move|p1a: Obstagoon|Facade|p2a: Urshifu\n|-damage|p2a: Urshifu|5\/100 brn\n|move|p2a: Urshifu|U-turn|p1a: Obstagoon\n|-supereffective|p1a: Obstagoon\n|-damage|p1a: Obstagoon|71\/100 brn\n|\n|t:|1664364964\n|switch|p2a: Tapu Lele|Tapu Lele|49\/100|[from]move: U-turn\n|\n|-damage|p1a: Obstagoon|65\/100 brn|[from] brn\n|upkeep\n|turn|6\n|\n|t:|1664364974\n|move|p1a: Obstagoon|Facade|p2a: Tapu Lele\n|-damage|p2a: Tapu Lele|0 fnt\n|faint|p2a: Tapu Lele\n|\n|-damage|p1a: Obstagoon|59\/100 brn|[from] brn\n|-fieldend|move: Psychic Terrain\n|upkeep\n|-message|newinthegame forfeited.\n|\n|win|Shotintheheart\n|raw|Shotintheheart's rating: 1849 &rarr; <strong>1870<\/strong><br \/>(+21 for winning)\n|raw|newinthegame's rating: 1861 &rarr; <strong>1840<\/strong><br \/>(-21 for losing)\n|l|\u2606newinthegame\n||Ladder isn't responding, score probably updated but might not have (Request timeout).\n","uploadtime":1664365036,"views":39,"p1id":"shotintheheart","p2id":"newinthegame","formatid":"gen8ou","rating":1840,"private":0,"password":null}