{"id":"gen8ou-1682489648","p1":"HTM SWEEP","p2":"shiawasenostory","format":"gen8ou","log":"|j|\u2606HTM SWEEP\n|j|\u2606shiawasenostory\n|t:|1665429495\n|gametype|singles\n|player|p1|HTM SWEEP|doctor|1528\n|player|p2|shiawasenostory|winona|1572\n|teamsize|p1|6\n|teamsize|p2|6\n|gen|8\n|tier|[Gen 8] OU\n|rated|\n|rule|Sleep Clause Mod: Limit one foe put to sleep\n|rule|Species Clause: Limit one of each Pok\u00e9mon\n|rule|OHKO Clause: OHKO moves are banned\n|rule|Evasion Items Clause: Evasion items are banned\n|rule|Evasion Moves Clause: Evasion moves are banned\n|rule|Endless Battle Clause: Forcing endless battles is banned\n|rule|HP Percentage Mod: HP is shown in percentages\n|rule|Dynamax Clause: You cannot dynamax\n|clearpoke\n|poke|p1|Mienshao, F|\n|poke|p1|Moltres|\n|poke|p1|Toxapex, M|\n|poke|p1|Tyranitar, M|\n|poke|p1|Magnezone|\n|poke|p1|Rillaboom, F|\n|poke|p2|Skarmory, F|\n|poke|p2|Ditto|\n|poke|p2|Toxapex, M|\n|poke|p2|Blissey, F|\n|poke|p2|Shedinja|\n|poke|p2|Quagsire, M|\n|teampreview\n|inactive|Battle timer is ON: inactive players will automatically lose when time's up. (requested by HTM SWEEP)\n|c|\u2606HTM SWEEP|glhf\n|\n|t:|1665429522\n|start\n|switch|p1a: Moltres|Moltres|100\/100\n|switch|p2a: Ditto|Ditto|100\/100\n|-transform|p2a: Ditto|p1a: Moltres|[from] ability: Imposter\n|-item|p2a: Ditto|Air Balloon\n|turn|1\n|\n|t:|1665429543\n|switch|p2a: Toxapex|Toxapex, M|100\/100\n|move|p1a: Moltres|U-turn|p2a: Toxapex\n|-resisted|p2a: Toxapex\n|-damage|p2a: Toxapex|96\/100\n|\n|t:|1665429549\n|switch|p1a: Magnezone|Magnezone|100\/100|[from]move: U-turn\n|\n|upkeep\n|turn|2\n|\n|t:|1665429559\n|switch|p2a: Quagsire|Quagsire, M|100\/100\n|move|p1a: Magnezone|Substitute|p1a: Magnezone\n|-start|p1a: Magnezone|Substitute\n|-damage|p1a: Magnezone|76\/100\n|\n|-heal|p1a: Magnezone|82\/100|[from] item: Leftovers\n|upkeep\n|turn|3\n|\n|t:|1665429568\n|move|p1a: Magnezone|Flash Cannon|p2a: Quagsire\n|-resisted|p2a: Quagsire\n|-damage|p2a: Quagsire|75\/100\n|-unboost|p2a: Quagsire|spd|1\n|move|p2a: Quagsire|Earthquake|p1a: Magnezone\n|-supereffective|p1a: Magnezone\n|-end|p1a: Magnezone|Substitute\n|\n|-heal|p1a: Magnezone|88\/100|[from] item: Leftovers\n|upkeep\n|turn|4\n|\n|t:|1665429577\n|switch|p1a: Rillaboom|Rillaboom, F|100\/100\n|-fieldstart|move: Grassy Terrain|[from] ability: Grassy Surge|[of] p1a: Rillaboom\n|move|p2a: Quagsire|Earthquake|p1a: Rillaboom\n|-resisted|p1a: Rillaboom\n|-damage|p1a: Rillaboom|93\/100\n|\n|-heal|p1a: Rillaboom|99\/100|[from] Grassy Terrain\n|-heal|p2a: Quagsire|81\/100|[from] Grassy Terrain\n|upkeep\n|turn|5\n|\n|t:|1665429591\n|switch|p2a: Toxapex|Toxapex, M|100\/100\n|move|p1a: Rillaboom|Knock Off|p2a: Toxapex\n|-damage|p2a: Toxapex|70\/100\n|-enditem|p2a: Toxapex|Heavy-Duty Boots|[from] move: Knock Off|[of] p1a: Rillaboom\n|\n|-heal|p1a: Rillaboom|100\/100|[from] Grassy Terrain\n|-heal|p2a: Toxapex|76\/100|[from] Grassy Terrain\n|upkeep\n|turn|6\n|\n|t:|1665429619\n|switch|p1a: Toxapex|Toxapex, M|100\/100\n|move|p2a: Toxapex|Scald|p1a: Toxapex\n|-resisted|p1a: Toxapex\n|-crit|p1a: Toxapex\n|-damage|p1a: Toxapex|90\/100\n|\n|-heal|p2a: Toxapex|82\/100|[from] Grassy Terrain\n|-heal|p1a: Toxapex|96\/100|[from] Grassy Terrain\n|-heal|p1a: Toxapex|100\/100|[from] item: Black Sludge\n|upkeep\n|turn|7\n|inactive|shiawasenostory has 120 seconds left.\n|\n|t:|1665429645\n|move|p2a: Toxapex|Knock Off|p1a: Toxapex\n|-damage|p1a: Toxapex|92\/100\n|-enditem|p1a: Toxapex|Black Sludge|[from] move: Knock Off|[of] p2a: Toxapex\n|move|p1a: Toxapex|Toxic Spikes|p2a: Toxapex\n|-sidestart|p2: shiawasenostory|move: Toxic Spikes\n|\n|-heal|p1a: Toxapex|98\/100|[from] Grassy Terrain\n|-heal|p2a: Toxapex|88\/100|[from] Grassy Terrain\n|upkeep\n|turn|8\n|inactive|shiawasenostory has 120 seconds left.\n|\n|t:|1665429662\n|switch|p2a: Blissey|Blissey, F|100\/100\n|move|p1a: Toxapex|Toxic Spikes|p2a: Blissey\n|-sidestart|p2: shiawasenostory|move: Toxic Spikes\n|\n|-heal|p1a: Toxapex|100\/100|[from] Grassy Terrain\n|-fieldend|move: Grassy Terrain\n|upkeep\n|turn|9\n|\n|t:|1665429671\n|switch|p2a: Toxapex|Toxapex, M|100\/100\n|-sideend|p2: shiawasenostory|move: Toxic Spikes|[of] p2a: Toxapex\n|move|p1a: Toxapex|Knock Off|p2a: Toxapex\n|-damage|p2a: Toxapex|95\/100\n|\n|upkeep\n|turn|10\n|inactive|shiawasenostory has 120 seconds left.\n|\n|t:|1665429684\n|move|p1a: Toxapex|Toxic Spikes|p2a: Toxapex\n|-sidestart|p2: shiawasenostory|move: Toxic Spikes\n|move|p2a: Toxapex|Scald|p1a: Toxapex\n|-resisted|p1a: Toxapex\n|-crit|p1a: Toxapex\n|-damage|p1a: Toxapex|90\/100\n|\n|upkeep\n|turn|11\n|inactive|shiawasenostory has 120 seconds left.\n|\n|t:|1665429691\n|move|p1a: Toxapex|Toxic Spikes|p2a: Toxapex\n|-sidestart|p2: shiawasenostory|move: Toxic Spikes\n|move|p2a: Toxapex|Scald|p1a: Toxapex\n|-resisted|p1a: Toxapex\n|-damage|p1a: Toxapex|83\/100\n|-status|p1a: Toxapex|brn\n|\n|-damage|p1a: Toxapex|76\/100 brn|[from] brn\n|upkeep\n|turn|12\n|j| Ran Kob\n|inactive|shiawasenostory has 120 seconds left.\n|\n|t:|1665429702\n|switch|p2a: Ditto|Ditto|100\/100\n|-transform|p2a: Ditto|p1a: Toxapex|[from] ability: Imposter\n|-item|p2a: Ditto|Air Balloon\n|move|p1a: Toxapex|Knock Off|p2a: Ditto\n|-damage|p2a: Ditto|96\/100\n|-enditem|p2a: Ditto|Air Balloon\n|\n|-damage|p1a: Toxapex|70\/100 brn|[from] brn\n|upkeep\n|turn|13\n|inactive|shiawasenostory has 120 seconds left.\n|\n|t:|1665429724\n|switch|p1a: Magnezone|Magnezone|88\/100\n|move|p2a: Ditto|Toxic Spikes|p1a: Magnezone\n|-sidestart|p1: HTM SWEEP|move: Toxic Spikes\n|\n|-heal|p1a: Magnezone|94\/100|[from] item: Leftovers\n|upkeep\n|turn|14\n|c|\u2606HTM SWEEP|gg\n|\n|t:|1665429734\n|switch|p2a: Quagsire|Quagsire, M|81\/100\n|move|p1a: Magnezone|Substitute|p1a: Magnezone\n|-start|p1a: Magnezone|Substitute\n|-damage|p1a: Magnezone|69\/100\n|\n|-heal|p1a: Magnezone|75\/100|[from] item: Leftovers\n|upkeep\n|turn|15\n|c|\u2606HTM SWEEP|wtf\n|c|\u2606HTM SWEEP|You got boots on everything\n|\n|t:|1665429752\n|move|p1a: Magnezone|Flash Cannon|p2a: Quagsire\n|-resisted|p2a: Quagsire\n|-damage|p2a: Quagsire|57\/100\n|move|p2a: Quagsire|Earthquake|p1a: Magnezone\n|-supereffective|p1a: Magnezone\n|-end|p1a: Magnezone|Substitute\n|\n|-heal|p1a: Magnezone|81\/100|[from] item: Leftovers\n|upkeep\n|turn|16\n|\n|t:|1665429762\n|switch|p1a: Toxapex|Toxapex, M|100\/100 brn\n|-sideend|p1: HTM SWEEP|move: Toxic Spikes|[of] p1a: Toxapex\n|move|p2a: Quagsire|Earthquake|p1a: Toxapex\n|-supereffective|p1a: Toxapex\n|-damage|p1a: Toxapex|64\/100 brn\n|\n|-damage|p1a: Toxapex|58\/100 brn|[from] brn\n|upkeep\n|turn|17\n|inactive|shiawasenostory has 120 seconds left.\n|\n|t:|1665429778\n|switch|p2a: Toxapex|Toxapex, M|100\/100\n|-sideend|p2: shiawasenostory|move: Toxic Spikes|[of] p2a: Toxapex\n|switch|p1a: Magnezone|Magnezone|81\/100\n|\n|-heal|p1a: Magnezone|87\/100|[from] item: Leftovers\n|upkeep\n|turn|18\n|\n|t:|1665429788\n|switch|p2a: Quagsire|Quagsire, M|57\/100\n|move|p1a: Magnezone|Flash Cannon|p2a: Quagsire\n|-resisted|p2a: Quagsire\n|-damage|p2a: Quagsire|32\/100\n|\n|-heal|p1a: Magnezone|93\/100|[from] item: Leftovers\n|upkeep\n|turn|19\n|\n|t:|1665429800\n|switch|p1a: Rillaboom|Rillaboom, F|100\/100\n|-fieldstart|move: Grassy Terrain|[from] ability: Grassy Surge|[of] p1a: Rillaboom\n|move|p2a: Quagsire|Recover|p2a: Quagsire\n|-heal|p2a: Quagsire|82\/100\n|\n|-heal|p2a: Quagsire|88\/100|[from] Grassy Terrain\n|upkeep\n|turn|20\n|\n|t:|1665429811\n|switch|p2a: Skarmory|Skarmory, F|100\/100\n|move|p1a: Rillaboom|U-turn|p2a: Skarmory\n|-resisted|p2a: Skarmory\n|-damage|p2a: Skarmory|95\/100\n|\n|t:|1665429815\n|switch|p1a: Magnezone|Magnezone|93\/100|[from]move: U-turn\n|\n|-heal|p2a: Skarmory|100\/100|[from] item: Leftovers\n|-heal|p1a: Magnezone|99\/100|[from] Grassy Terrain\n|-heal|p1a: Magnezone|100\/100|[from] item: Leftovers\n|upkeep\n|turn|21\n|c|\u2606HTM SWEEP|gotcha\n|\n|t:|1665429827\n|move|p2a: Skarmory|Body Press|p1a: Magnezone\n|-supereffective|p1a: Magnezone\n|-damage|p1a: Magnezone|34\/100\n|move|p1a: Magnezone|Thunderbolt|p2a: Skarmory\n|-supereffective|p2a: Skarmory\n|-ability|p2a: Skarmory|Sturdy\n|-damage|p2a: Skarmory|1\/100\n|\n|-heal|p2a: Skarmory|7\/100|[from] item: Leftovers\n|-heal|p1a: Magnezone|40\/100|[from] Grassy Terrain\n|-heal|p1a: Magnezone|46\/100|[from] item: Leftovers\n|upkeep\n|turn|22\n|c|\u2606shiawasenostory|gotcha\n|c|\u2606HTM SWEEP|loooooooooooool\n|\n|t:|1665429843\n|switch|p1a: Moltres|Moltres|100\/100\n|move|p2a: Skarmory|Body Press|p1a: Moltres\n|-resisted|p1a: Moltres\n|-damage|p1a: Moltres|90\/100\n|\n|-heal|p2a: Skarmory|13\/100|[from] item: Leftovers\n|upkeep\n|turn|23\n|l| Ran Kob\n|inactive|shiawasenostory has 120 seconds left.\n|\n|t:|1665429892\n|switch|p2a: Toxapex|Toxapex, M|100\/100\n|move|p1a: Moltres|U-turn|p2a: Toxapex\n|-resisted|p2a: Toxapex\n|-damage|p2a: Toxapex|96\/100\n|\n|t:|1665429904\n|switch|p1a: Magnezone|Magnezone|46\/100|[from]move: U-turn\n|\n|-heal|p1a: Magnezone|52\/100|[from] Grassy Terrain\n|-heal|p1a: Magnezone|59\/100|[from] item: Leftovers\n|-heal|p2a: Toxapex|100\/100|[from] Grassy Terrain\n|-fieldend|move: Grassy Terrain\n|upkeep\n|turn|24\n|\n|t:|1665429916\n|switch|p2a: Quagsire|Quagsire, M|88\/100\n|move|p1a: Magnezone|Thunderbolt|p2a: Quagsire\n|-immune|p2a: Quagsire\n|\n|-heal|p1a: Magnezone|65\/100|[from] item: Leftovers\n|upkeep\n|turn|25\n|\n|t:|1665429934\n|switch|p1a: Toxapex|Toxapex, M|91\/100 brn\n|move|p2a: Quagsire|Toxic||[still]\n|-fail|p2a: Quagsire\n|\n|-damage|p1a: Toxapex|85\/100 brn|[from] brn\n|upkeep\n|turn|26\n|\n|t:|1665429951\n|switch|p2a: Skarmory|Skarmory, F|13\/100\n|switch|p1a: Magnezone|Magnezone|65\/100\n|\n|-heal|p2a: Skarmory|20\/100|[from] item: Leftovers\n|-heal|p1a: Magnezone|71\/100|[from] item: Leftovers\n|upkeep\n|turn|27\n|\n|t:|1665429964\n|move|p2a: Skarmory|Body Press|p1a: Magnezone\n|-supereffective|p1a: Magnezone\n|-damage|p1a: Magnezone|6\/100\n|move|p1a: Magnezone|Thunderbolt|p2a: Skarmory\n|-supereffective|p2a: Skarmory\n|-damage|p2a: Skarmory|0 fnt\n|faint|p2a: Skarmory\n|\n|-heal|p1a: Magnezone|12\/100|[from] item: Leftovers\n|upkeep\n|c|\u2606HTM SWEEP|Sensational\n|\n|t:|1665429977\n|switch|p2a: Blissey|Blissey, F|100\/100\n|turn|28\n|\n|t:|1665429982\n|move|p2a: Blissey|Seismic Toss|p1a: Magnezone\n|-damage|p1a: Magnezone|0 fnt\n|faint|p1a: Magnezone\n|\n|upkeep\n|\n|t:|1665429992\n|switch|p1a: Mienshao|Mienshao, F|100\/100\n|turn|29\n|inactive|shiawasenostory has 120 seconds left.\n|\n|t:|1665430003\n|switch|p2a: Toxapex|Toxapex, M|100\/100\n|move|p1a: Mienshao|Knock Off|p2a: Toxapex\n|-damage|p2a: Toxapex|82\/100\n|-damage|p1a: Mienshao|91\/100|[from] item: Life Orb\n|\n|upkeep\n|turn|30\n|inactive|shiawasenostory has 120 seconds left.\n|\n|t:|1665430018\n|move|p1a: Mienshao|U-turn|p2a: Toxapex\n|-resisted|p2a: Toxapex\n|-damage|p2a: Toxapex|73\/100\n|-damage|p1a: Mienshao|81\/100|[from] item: Life Orb\n|\n|t:|1665430025\n|switch|p1a: Toxapex|Toxapex, M|100\/100 brn|[from]move: U-turn\n|move|p2a: Toxapex|Knock Off|p1a: Toxapex\n|-damage|p1a: Toxapex|95\/100 brn\n|\n|-damage|p1a: Toxapex|88\/100 brn|[from] brn\n|upkeep\n|turn|31\n|inactive|shiawasenostory has 120 seconds left.\n|\n|t:|1665430036\n|switch|p2a: Ditto|Ditto|100\/100\n|-transform|p2a: Ditto|p1a: Toxapex|[from] ability: Imposter\n|move|p1a: Toxapex|Toxic Spikes|p2a: Ditto\n|-sidestart|p2: shiawasenostory|move: Toxic Spikes\n|\n|-damage|p1a: Toxapex|82\/100 brn|[from] brn\n|upkeep\n|turn|32\n|\n|t:|1665430053\n|move|p1a: Toxapex|Toxic Spikes|p2a: Ditto\n|-sidestart|p2: shiawasenostory|move: Toxic Spikes\n|move|p2a: Ditto|Toxic Spikes|p1a: Toxapex\n|-sidestart|p1: HTM SWEEP|move: Toxic Spikes\n|\n|-damage|p1a: Toxapex|76\/100 brn|[from] brn\n|upkeep\n|turn|33\n|inactive|shiawasenostory has 120 seconds left.\n|\n|t:|1665430069\n|switch|p1a: Moltres|Moltres|90\/100\n|switch|p2a: Toxapex|Toxapex, M|100\/100\n|-sideend|p2: shiawasenostory|move: Toxic Spikes|[of] p2a: Toxapex\n|\n|upkeep\n|turn|34\n|\n|t:|1665430075\n|move|p1a: Moltres|U-turn|p2a: Toxapex\n|-resisted|p2a: Toxapex\n|-damage|p2a: Toxapex|96\/100\n|\n|t:|1665430080\n|switch|p1a: Toxapex|Toxapex, M|100\/100 brn|[from]move: U-turn\n|-sideend|p1: HTM SWEEP|move: Toxic Spikes|[of] p1a: Toxapex\n|move|p2a: Toxapex|Knock Off|p1a: Toxapex\n|-damage|p1a: Toxapex|95\/100 brn\n|\n|-damage|p1a: Toxapex|89\/100 brn|[from] brn\n|upkeep\n|turn|35\n|\n|t:|1665430084\n|switch|p1a: Tyranitar|Tyranitar, M|100\/100\n|-weather|Sandstorm|[from] ability: Sand Stream|[of] p1a: Tyranitar\n|switch|p2a: Ditto|Ditto|100\/100\n|-transform|p2a: Ditto|p1a: Tyranitar|[from] ability: Imposter\n|\n|-weather|Sandstorm|[upkeep]\n|upkeep\n|turn|36\n|\n|t:|1665430098\n|move|p2a: Ditto|Protect|p2a: Ditto\n|-singleturn|p2a: Ditto|Protect\n|move|p1a: Tyranitar|Stealth Rock|p2a: Ditto\n|-sidestart|p2: shiawasenostory|move: Stealth Rock\n|\n|-weather|Sandstorm|[upkeep]\n|upkeep\n|turn|37\n|\n|t:|1665430114\n|switch|p1a: Mienshao|Mienshao, F|100\/100\n|move|p2a: Ditto|Stealth Rock|p1a: Mienshao\n|-sidestart|p1: HTM SWEEP|move: Stealth Rock\n|\n|-weather|Sandstorm|[upkeep]\n|-damage|p1a: Mienshao|94\/100|[from] Sandstorm\n|upkeep\n|turn|38\n|\n|t:|1665430124\n|switch|p2a: Toxapex|Toxapex, M|100\/100\n|-damage|p2a: Toxapex|88\/100|[from] Stealth Rock\n|move|p1a: Mienshao|U-turn|p2a: Toxapex\n|-resisted|p2a: Toxapex\n|-damage|p2a: Toxapex|78\/100\n|-damage|p1a: Mienshao|84\/100|[from] item: Life Orb\n|\n|t:|1665430127\n|switch|p1a: Rillaboom|Rillaboom, F|100\/100|[from]move: U-turn\n|-damage|p1a: Rillaboom|88\/100|[from] Stealth Rock\n|-fieldstart|move: Grassy Terrain|[from] ability: Grassy Surge|[of] p1a: Rillaboom\n|\n|-weather|Sandstorm|[upkeep]\n|-damage|p1a: Rillaboom|82\/100|[from] Sandstorm\n|-damage|p2a: Toxapex|72\/100|[from] Sandstorm\n|-heal|p1a: Rillaboom|88\/100|[from] Grassy Terrain\n|-heal|p2a: Toxapex|78\/100|[from] Grassy Terrain\n|upkeep\n|turn|39\n|inactive|shiawasenostory has 120 seconds left.\n|\n|t:|1665430162\n|switch|p2a: Shedinja|Shedinja|100\/100\n|move|p1a: Rillaboom|U-turn|p2a: Shedinja\n|-immune|p2a: Shedinja|[from] ability: Wonder Guard\n|\n|-weather|none\n|-heal|p1a: Rillaboom|94\/100|[from] Grassy Terrain\n|upkeep\n|turn|40\n|inactive|shiawasenostory has 120 seconds left.\n|\n|t:|1665430172\n|switch|p1a: Tyranitar|Tyranitar, M|100\/100\n|-damage|p1a: Tyranitar|88\/100|[from] Stealth Rock\n|-weather|Sandstorm|[from] ability: Sand Stream|[of] p1a: Tyranitar\n|switch|p2a: Toxapex|Toxapex, M|100\/100\n|-damage|p2a: Toxapex|88\/100|[from] Stealth Rock\n|\n|-weather|Sandstorm|[upkeep]\n|-damage|p2a: Toxapex|82\/100|[from] Sandstorm\n|-heal|p1a: Tyranitar|94\/100|[from] Grassy Terrain\n|-heal|p1a: Tyranitar|100\/100|[from] item: Leftovers\n|-heal|p2a: Toxapex|88\/100|[from] Grassy Terrain\n|upkeep\n|turn|41\n|inactive|shiawasenostory has 120 seconds left.\n|\n|t:|1665430186\n|move|p1a: Tyranitar|Crunch|p2a: Toxapex\n|-damage|p2a: Toxapex|63\/100\n|move|p2a: Toxapex|Knock Off|p1a: Tyranitar\n|-resisted|p1a: Tyranitar\n|-damage|p1a: Tyranitar|94\/100\n|-enditem|p1a: Tyranitar|Leftovers|[from] move: Knock Off|[of] p2a: Toxapex\n|\n|-weather|Sandstorm|[upkeep]\n|-damage|p2a: Toxapex|57\/100|[from] Sandstorm\n|-heal|p1a: Tyranitar|100\/100|[from] Grassy Terrain\n|-heal|p2a: Toxapex|63\/100|[from] Grassy Terrain\n|upkeep\n|turn|42\n|\n|t:|1665430195\n|switch|p1a: Toxapex|Toxapex, M|100\/100 brn\n|-damage|p1a: Toxapex|88\/100 brn|[from] Stealth Rock\n|move|p2a: Toxapex|Recover|p2a: Toxapex\n|-heal|p2a: Toxapex|100\/100\n|\n|-weather|Sandstorm|[upkeep]\n|-damage|p1a: Toxapex|82\/100 brn|[from] Sandstorm\n|-damage|p2a: Toxapex|94\/100|[from] Sandstorm\n|-heal|p2a: Toxapex|100\/100|[from] Grassy Terrain\n|-heal|p1a: Toxapex|88\/100 brn|[from] Grassy Terrain\n|-damage|p1a: Toxapex|82\/100 brn|[from] brn\n|-fieldend|move: Grassy Terrain\n|upkeep\n|turn|43\n|\n|t:|1665430210\n|switch|p2a: Ditto|Ditto|100\/100\n|-damage|p2a: Ditto|88\/100|[from] Stealth Rock\n|-transform|p2a: Ditto|p1a: Toxapex|[from] ability: Imposter\n|move|p1a: Toxapex|Toxic Spikes|p2a: Ditto\n|-sidestart|p2: shiawasenostory|move: Toxic Spikes\n|\n|-weather|Sandstorm|[upkeep]\n|-damage|p1a: Toxapex|75\/100 brn|[from] Sandstorm\n|-damage|p2a: Ditto|82\/100|[from] Sandstorm\n|-damage|p1a: Toxapex|69\/100 brn|[from] brn\n|upkeep\n|turn|44\n|c|\u2606HTM SWEEP|gg man\n|\n|t:|1665430222\n|switch|p1a: Rillaboom|Rillaboom, F|94\/100\n|-damage|p1a: Rillaboom|82\/100|[from] Stealth Rock\n|-fieldstart|move: Grassy Terrain|[from] ability: Grassy Surge|[of] p1a: Rillaboom\n|move|p2a: Ditto|Toxic Spikes|p1a: Rillaboom\n|-sidestart|p1: HTM SWEEP|move: Toxic Spikes\n|\n|-weather|none\n|-heal|p1a: Rillaboom|88\/100|[from] Grassy Terrain\n|-heal|p2a: Ditto|88\/100|[from] Grassy Terrain\n|upkeep\n|turn|45\n|inactive|shiawasenostory has 120 seconds left.\n|j| ThiccKiwiDotCom\n|c|\u2606HTM SWEEP|gtg\n|\n|t:|1665430255\n|switch|p1a: Toxapex|Toxapex, M|100\/100 brn\n|-damage|p1a: Toxapex|88\/100 brn|[from] Stealth Rock\n|-sideend|p1: HTM SWEEP|move: Toxic Spikes|[of] p1a: Toxapex\n|move|p2a: Ditto|Knock Off|p1a: Toxapex\n|-damage|p1a: Toxapex|81\/100 brn\n|\n|-heal|p1a: Toxapex|87\/100 brn|[from] Grassy Terrain\n|-heal|p2a: Ditto|94\/100|[from] Grassy Terrain\n|-damage|p1a: Toxapex|81\/100 brn|[from] brn\n|upkeep\n|turn|46\n|-message|HTM SWEEP forfeited.\n|\n|win|shiawasenostory\n|raw|HTM SWEEP's rating: 1528 &rarr; <strong>1511<\/strong><br \/>(-17 for losing)\n|raw|shiawasenostory's rating: 1572 &rarr; <strong>1589<\/strong><br \/>(+17 for winning)\n|l|\u2606HTM SWEEP\n|l|\u2606shiawasenostory\n|l| ThiccKiwiDotCom\n||Ladder isn't responding, score probably updated but might not have (Request timeout).\n","uploadtime":1665430403,"views":24,"p1id":"htmsweep","p2id":"shiawasenostory","formatid":"gen8ou","rating":1511,"private":0,"password":null}