{"id":"gen8ou-1636287016","p1":"SirFresh","p2":"Ace Astro","format":"gen8ou","log":"|j|\u2606SirFresh\n|j|\u2606Ace Astro\n|t:|1660103670\n|gametype|singles\n|player|p1|SirFresh|palmer|\n|player|p2|Ace Astro|twins-gen4|\n|teamsize|p1|6\n|teamsize|p2|6\n|gen|8\n|tier|[Gen 8] OU\n|rule|Sleep Clause Mod: Limit one foe put to sleep\n|rule|Species Clause: Limit one of each Pok\u00e9mon\n|rule|OHKO Clause: OHKO moves are banned\n|rule|Evasion Items Clause: Evasion items are banned\n|rule|Evasion Moves Clause: Evasion moves are banned\n|rule|Endless Battle Clause: Forcing endless battles is banned\n|rule|HP Percentage Mod: HP is shown in percentages\n|rule|Dynamax Clause: You cannot dynamax\n|clearpoke\n|poke|p1|Tapu Lele|\n|poke|p1|Umbreon, M|\n|poke|p1|Corviknight, M|\n|poke|p1|Kartana|\n|poke|p1|Garchomp, M|\n|poke|p1|Blaziken, M|\n|poke|p2|Volcarona, F|\n|poke|p2|Toxapex, M|\n|poke|p2|Landorus-Therian, M|\n|poke|p2|Celesteela|\n|poke|p2|Clefable, M|\n|poke|p2|Rillaboom, F|\n|teampreview\n|c|\u2606SirFresh|Glhf\n|c|\u2606Ace Astro|glhf\n|\n|t:|1660103728\n|start\n|switch|p1a: Garchomp|Garchomp, M|100\/100\n|switch|p2a: Landorus|Landorus-Therian, M|100\/100\n|-ability|p2a: Landorus|Intimidate|boost\n|-unboost|p1a: Garchomp|atk|1\n|turn|1\n|\n|t:|1660103735\n|move|p1a: Garchomp|Toxic|p2a: Landorus|[miss]\n|-miss|p1a: Garchomp|p2a: Landorus\n|move|p2a: Landorus|Toxic|p1a: Garchomp\n|-status|p1a: Garchomp|tox\n|\n|-damage|p1a: Garchomp|94\/100 tox|[from] psn\n|upkeep\n|turn|2\n|c|\u2606Ace Astro|thats unfort\n|\n|t:|1660103757\n|switch|p2a: Celesteela|Celesteela|100\/100\n|move|p1a: Garchomp|Stealth Rock|p2a: Celesteela\n|-sidestart|p2: Ace Astro|move: Stealth Rock\n|\n|-damage|p1a: Garchomp|82\/100 tox|[from] psn\n|upkeep\n|turn|3\n|\n|t:|1660103767\n|move|p1a: Garchomp|Fire Blast|p2a: Celesteela\n|-supereffective|p2a: Celesteela\n|-damage|p2a: Celesteela|75\/100\n|move|p2a: Celesteela|Leech Seed|p1a: Garchomp\n|-start|p1a: Garchomp|move: Leech Seed\n|\n|-heal|p2a: Celesteela|81\/100|[from] item: Leftovers\n|-damage|p1a: Garchomp|70\/100 tox|[from] Leech Seed|[of] p2a: Celesteela\n|-heal|p2a: Celesteela|94\/100|[silent]\n|-damage|p1a: Garchomp|51\/100 tox|[from] psn\n|upkeep\n|turn|4\n|\n|t:|1660103778\n|switch|p1a: Tapu Lele|Tapu Lele|100\/100\n|-fieldstart|move: Psychic Terrain|[from] ability: Psychic Surge|[of] p1a: Tapu Lele\n|move|p2a: Celesteela|Heavy Slam|p1a: Tapu Lele\n|-supereffective|p1a: Tapu Lele\n|-damage|p1a: Tapu Lele|0 fnt\n|faint|p1a: Tapu Lele\n|-ability|p2a: Celesteela|Beast Boost|boost\n|-boost|p2a: Celesteela|spd|1\n|\n|-heal|p2a: Celesteela|100\/100|[from] item: Leftovers\n|upkeep\n|\n|t:|1660103782\n|switch|p1a: Blaziken|Blaziken, M|100\/100\n|turn|5\n|\n|t:|1660103801\n|switch|p2a: Landorus|Landorus-Therian, M|100\/100\n|-damage|p2a: Landorus|88\/100|[from] Stealth Rock\n|-ability|p2a: Landorus|Intimidate|boost\n|-unboost|p1a: Blaziken|atk|1\n|move|p1a: Blaziken|Swords Dance|p1a: Blaziken\n|-boost|p1a: Blaziken|atk|2\n|\n|-heal|p2a: Landorus|94\/100|[from] item: Leftovers\n|-ability|p1a: Blaziken|Speed Boost|boost\n|-boost|p1a: Blaziken|spe|1\n|upkeep\n|turn|6\n|\n|t:|1660103807\n|move|p1a: Blaziken|Flare Blitz|p2a: Landorus\n|-damage|p2a: Landorus|0 fnt\n|faint|p2a: Landorus\n|-damage|p1a: Blaziken|61\/100|[from] Recoil\n|-damage|p1a: Blaziken|51\/100|[from] item: Life Orb\n|\n|-ability|p1a: Blaziken|Speed Boost|boost\n|-boost|p1a: Blaziken|spe|1\n|upkeep\n|c|\u2606Ace Astro|o w\n|\n|t:|1660103824\n|switch|p2a: Toxapex|Toxapex, M|100\/100\n|-damage|p2a: Toxapex|88\/100|[from] Stealth Rock\n|turn|7\n|\n|t:|1660103836\n|switch|p1a: Kartana|Kartana|100\/100\n|move|p2a: Toxapex|Haze|p2a: Toxapex\n|-clearallboost\n|\n|-heal|p2a: Toxapex|94\/100|[from] item: Black Sludge\n|upkeep\n|turn|8\n|\n|t:|1660103850\n|switch|p2a: Celesteela|Celesteela|100\/100\n|-damage|p2a: Celesteela|88\/100|[from] Stealth Rock\n|move|p1a: Kartana|Knock Off|p2a: Celesteela\n|-damage|p2a: Celesteela|52\/100\n|-enditem|p2a: Celesteela|Leftovers|[from] move: Knock Off|[of] p1a: Kartana\n|\n|-fieldend|move: Psychic Terrain\n|upkeep\n|turn|9\n|\n|t:|1660103865\n|switch|p1a: Garchomp|Garchomp, M|51\/100 tox\n|move|p2a: Celesteela|Flamethrower|p1a: Garchomp\n|-resisted|p1a: Garchomp\n|-damage|p1a: Garchomp|39\/100 tox\n|\n|-damage|p1a: Garchomp|33\/100 tox|[from] psn\n|upkeep\n|turn|10\n|\n|t:|1660103905\n|move|p2a: Celesteela|Protect|p2a: Celesteela\n|-singleturn|p2a: Celesteela|Protect\n|move|p1a: Garchomp|Fire Blast|p2a: Celesteela\n|-activate|p2a: Celesteela|move: Protect\n|\n|-damage|p1a: Garchomp|20\/100 tox|[from] psn\n|upkeep\n|turn|11\n|\n|t:|1660103921\n|switch|p2a: Toxapex|Toxapex, M|100\/100\n|-damage|p2a: Toxapex|88\/100|[from] Stealth Rock\n|move|p1a: Garchomp|Fire Blast|p2a: Toxapex\n|-resisted|p2a: Toxapex\n|-damage|p2a: Toxapex|80\/100\n|\n|-heal|p2a: Toxapex|86\/100|[from] item: Black Sludge\n|-damage|p1a: Garchomp|2\/100 tox|[from] psn\n|upkeep\n|turn|12\n|\n|t:|1660103932\n|switch|p2a: Celesteela|Celesteela|52\/100\n|-damage|p2a: Celesteela|40\/100|[from] Stealth Rock\n|move|p1a: Garchomp|Earthquake|p2a: Celesteela\n|-immune|p2a: Celesteela\n|\n|-damage|p1a: Garchomp|0 fnt|[from] psn\n|faint|p1a: Garchomp\n|upkeep\n|\n|t:|1660103941\n|switch|p1a: Blaziken|Blaziken, M|51\/100\n|turn|13\n|c|\u2606Ace Astro|sorry, back\n|\n|t:|1660104032\n|switch|p2a: Toxapex|Toxapex, M|100\/100\n|-damage|p2a: Toxapex|88\/100|[from] Stealth Rock\n|move|p1a: Blaziken|Thunder Punch|p2a: Toxapex\n|-supereffective|p2a: Toxapex\n|-damage|p2a: Toxapex|46\/100\n|-damage|p1a: Blaziken|41\/100|[from] item: Life Orb\n|\n|-heal|p2a: Toxapex|52\/100|[from] item: Black Sludge\n|-ability|p1a: Blaziken|Speed Boost|boost\n|-boost|p1a: Blaziken|spe|1\n|upkeep\n|turn|14\n|\n|t:|1660104053\n|move|p1a: Blaziken|Swords Dance|p1a: Blaziken\n|-boost|p1a: Blaziken|atk|2\n|move|p2a: Toxapex|Scald|p1a: Blaziken\n|-supereffective|p1a: Blaziken\n|-damage|p1a: Blaziken|0 fnt\n|faint|p1a: Blaziken\n|\n|-heal|p2a: Toxapex|59\/100|[from] item: Black Sludge\n|upkeep\n|\n|t:|1660104056\n|switch|p1a: Kartana|Kartana|100\/100\n|turn|15\n|\n|t:|1660104118\n|switch|p2a: Celesteela|Celesteela|40\/100\n|-damage|p2a: Celesteela|28\/100|[from] Stealth Rock\n|move|p1a: Kartana|Knock Off|p2a: Celesteela\n|-damage|p2a: Celesteela|5\/100\n|\n|upkeep\n|turn|16\n|\n|t:|1660104125\n|move|p1a: Kartana|Knock Off|p2a: Celesteela\n|-damage|p2a: Celesteela|0 fnt\n|faint|p2a: Celesteela\n|-ability|p1a: Kartana|Beast Boost|boost\n|-boost|p1a: Kartana|atk|1\n|\n|upkeep\n|\n|t:|1660104132\n|switch|p2a: Volcarona|Volcarona, F|100\/100\n|turn|17\n|\n|t:|1660104142\n|move|p1a: Kartana|Knock Off|p2a: Volcarona\n|-damage|p2a: Volcarona|0 fnt\n|-enditem|p2a: Volcarona|Heavy-Duty Boots|[from] move: Knock Off|[of] p1a: Kartana\n|faint|p2a: Volcarona\n|-ability|p1a: Kartana|Beast Boost|boost\n|-boost|p1a: Kartana|atk|1\n|\n|upkeep\n|c|\u2606Ace Astro|sed\n|\n|t:|1660104153\n|switch|p2a: Toxapex|Toxapex, M|92\/100\n|-damage|p2a: Toxapex|79\/100|[from] Stealth Rock\n|turn|18\n|\n|t:|1660104158\n|move|p1a: Kartana|Knock Off|p2a: Toxapex\n|-damage|p2a: Toxapex|27\/100\n|-enditem|p2a: Toxapex|Black Sludge|[from] move: Knock Off|[of] p1a: Kartana\n|move|p2a: Toxapex|Scald|p1a: Kartana\n|-resisted|p1a: Kartana\n|-damage|p1a: Kartana|77\/100\n|\n|upkeep\n|turn|19\n|\n|t:|1660104167\n|move|p1a: Kartana|Knock Off|p2a: Toxapex\n|-damage|p2a: Toxapex|0 fnt\n|faint|p2a: Toxapex\n|-ability|p1a: Kartana|Beast Boost|boost\n|-boost|p1a: Kartana|atk|1\n|\n|upkeep\n|\n|t:|1660104175\n|switch|p2a: Rillaboom|Rillaboom, F|100\/100\n|-damage|p2a: Rillaboom|88\/100|[from] Stealth Rock\n|-fieldstart|move: Grassy Terrain|[from] ability: Grassy Surge|[of] p2a: Rillaboom\n|turn|20\n|\n|t:|1660104199\n|move|p1a: Kartana|Knock Off|p2a: Rillaboom\n|-damage|p2a: Rillaboom|0 fnt\n|-enditem|p2a: Rillaboom|Life Orb|[from] move: Knock Off|[of] p1a: Kartana\n|faint|p2a: Rillaboom\n|-ability|p1a: Kartana|Beast Boost|boost\n|-boost|p1a: Kartana|atk|1\n|\n|-heal|p1a: Kartana|83\/100|[from] Grassy Terrain\n|upkeep\n|\n|t:|1660104206\n|switch|p2a: Clefable|Clefable, M|100\/100\n|turn|21\n|\n|t:|1660104213\n|move|p1a: Kartana|Knock Off|p2a: Clefable\n|-resisted|p2a: Clefable\n|-crit|p2a: Clefable\n|-damage|p2a: Clefable|16\/100\n|-enditem|p2a: Clefable|Leftovers|[from] move: Knock Off|[of] p1a: Kartana\n|move|p2a: Clefable|Knock Off|p1a: Kartana\n|-damage|p1a: Kartana|67\/100\n|-enditem|p1a: Kartana|Choice Scarf|[from] move: Knock Off|[of] p2a: Clefable\n|\n|-heal|p1a: Kartana|73\/100|[from] Grassy Terrain\n|-heal|p2a: Clefable|22\/100|[from] Grassy Terrain\n|upkeep\n|turn|22\n|c|\u2606SirFresh|Gg\n|\n|t:|1660104224\n|move|p1a: Kartana|Smart Strike|p2a: Clefable\n|-supereffective|p2a: Clefable\n|-damage|p2a: Clefable|0 fnt\n|faint|p2a: Clefable\n|\n|win|SirFresh\n|c|\u2606Ace Astro|gg\n","uploadtime":1660104234,"views":28,"p1id":"sirfresh","p2id":"aceastro","formatid":"gen8ou","rating":0,"private":0,"password":null}