{"id":"gen8ou-1692155610","p1":"Neon83","p2":"HQSNonsense","format":"gen8ou","log":"|html|<div class=\"broadcast-blue\"><strong>[Gen 8] OU is currently suspecting Melmetal! For information on how to participate check out the <a href=\"https:\/\/www.smogon.com\/forums\/threads\/np-ss-ou-suspect-process-round-12-monster-mash.3709234\/\">suspect thread<\/a>.<\/strong><\/div>\n|j|\u2606Neon83\n|j|\u2606HQSNonsense\n|t:|1666457182\n|gametype|singles\n|player|p1|Neon83|acetrainerf-gen4dp|1649\n|player|p2|HQSNonsense|veteranf|1675\n|teamsize|p1|6\n|teamsize|p2|6\n|gen|8\n|tier|[Gen 8] OU\n|rated|\n|rule|Sleep Clause Mod: Limit one foe put to sleep\n|rule|Species Clause: Limit one of each Pok\u00e9mon\n|rule|OHKO Clause: OHKO moves are banned\n|rule|Evasion Items Clause: Evasion items are banned\n|rule|Evasion Moves Clause: Evasion moves are banned\n|rule|Endless Battle Clause: Forcing endless battles is banned\n|rule|HP Percentage Mod: HP is shown in percentages\n|rule|Dynamax Clause: You cannot dynamax\n|clearpoke\n|poke|p1|Mew|\n|poke|p1|Weavile, F|\n|poke|p1|Celesteela|\n|poke|p1|Garchomp, F|\n|poke|p1|Blacephalon|\n|poke|p1|Crawdaunt, F|\n|poke|p2|Dragapult, M|\n|poke|p2|Weavile, F|\n|poke|p2|Rillaboom, F|\n|poke|p2|Nihilego|\n|poke|p2|Garchomp, M|\n|poke|p2|Celesteela|\n|teampreview\n|inactive|Battle timer is ON: inactive players will automatically lose when time's up. (requested by Neon83)\n|\n|t:|1666457189\n|start\n|switch|p1a: Mew|Mew|100\/100\n|switch|p2a: Garchomp|Garchomp, M|100\/100\n|turn|1\n|\n|t:|1666457209\n|move|p2a: Garchomp|Stealth Rock|p1a: Mew\n|-sidestart|p1: Neon83|move: Stealth Rock\n|move|p1a: Mew|Taunt|p2a: Garchomp\n|-start|p2a: Garchomp|move: Taunt\n|\n|upkeep\n|turn|2\n|\n|t:|1666457225\n|switch|p2a: Dragapult|Dragapult, M|100\/100\n|move|p1a: Mew|Stealth Rock|p2a: Dragapult\n|-sidestart|p2: HQSNonsense|move: Stealth Rock\n|\n|upkeep\n|turn|3\n|\n|t:|1666457229\n|move|p2a: Dragapult|Dragon Dance|p2a: Dragapult\n|-boost|p2a: Dragapult|atk|1\n|-boost|p2a: Dragapult|spe|1\n|move|p1a: Mew|Thunder Wave|p2a: Dragapult\n|-status|p2a: Dragapult|par\n|\n|upkeep\n|turn|4\n|\n|t:|1666457238\n|move|p1a: Mew|Taunt|p2a: Dragapult\n|-start|p2a: Dragapult|move: Taunt\n|cant|p2a: Dragapult|move: Taunt|Dragon Dance\n|\n|upkeep\n|turn|5\n|\n|t:|1666457242\n|move|p1a: Mew|Spikes|p2a: Dragapult\n|-sidestart|p2: HQSNonsense|Spikes\n|cant|p2a: Dragapult|par\n|\n|upkeep\n|turn|6\n|\n|t:|1666457248\n|move|p1a: Mew|Spikes|p2a: Dragapult\n|-sidestart|p2: HQSNonsense|Spikes\n|move|p2a: Dragapult|Phantom Force||[still]\n|-prepare|p2a: Dragapult|Phantom Force\n|\n|-end|p2a: Dragapult|move: Taunt\n|upkeep\n|turn|7\n|\n|t:|1666457253\n|move|p1a: Mew|Spikes|p2a: Dragapult\n|-sidestart|p2: HQSNonsense|Spikes\n|move|p2a: Dragapult|Phantom Force|p1a: Mew|[from]lockedmove\n|-supereffective|p1a: Mew\n|-damage|p1a: Mew|0 fnt\n|faint|p1a: Mew\n|\n|upkeep\n|\n|t:|1666457263\n|switch|p1a: Crawdaunt|Crawdaunt, F|100\/100\n|-damage|p1a: Crawdaunt|88\/100|[from] Stealth Rock\n|turn|8\n|\n|t:|1666457267\n|cant|p2a: Dragapult|par\n|move|p1a: Crawdaunt|Knock Off|p2a: Dragapult\n|-supereffective|p2a: Dragapult\n|-damage|p2a: Dragapult|0 fnt\n|-enditem|p2a: Dragapult|Leftovers|[from] move: Knock Off|[of] p1a: Crawdaunt\n|faint|p2a: Dragapult\n|-damage|p1a: Crawdaunt|78\/100|[from] item: Life Orb\n|\n|upkeep\n|\n|t:|1666457287\n|switch|p2a: Celesteela|Celesteela|100\/100\n|-damage|p2a: Celesteela|88\/100|[from] Stealth Rock\n|turn|9\n|\n|t:|1666457291\n|move|p2a: Celesteela|Meteor Beam||[still]\n|-prepare|p2a: Celesteela|Meteor Beam\n|-boost|p2a: Celesteela|spa|1\n|-enditem|p2a: Celesteela|Power Herb\n|-anim|p2a: Celesteela|Meteor Beam|p1a: Crawdaunt\n|-damage|p1a: Crawdaunt|0 fnt\n|faint|p1a: Crawdaunt\n|-ability|p2a: Celesteela|Beast Boost|boost\n|-boost|p2a: Celesteela|spa|1\n|\n|upkeep\n|\n|t:|1666457300\n|switch|p1a: Blacephalon|Blacephalon|100\/100\n|-damage|p1a: Blacephalon|76\/100|[from] Stealth Rock\n|turn|10\n|j| Crowv2\n|\n|t:|1666457309\n|move|p1a: Blacephalon|Flamethrower|p2a: Celesteela\n|-supereffective|p2a: Celesteela\n|-damage|p2a: Celesteela|0 fnt\n|faint|p2a: Celesteela\n|-ability|p1a: Blacephalon|Beast Boost|boost\n|-boost|p1a: Blacephalon|spa|1\n|\n|upkeep\n|\n|t:|1666457312\n|switch|p2a: Nihilego|Nihilego|100\/100\n|-damage|p2a: Nihilego|88\/100|[from] Stealth Rock\n|-damage|p2a: Nihilego|63\/100|[from] Spikes\n|turn|11\n|\n|t:|1666457322\n|move|p1a: Blacephalon|Flamethrower|p2a: Nihilego\n|-resisted|p2a: Nihilego\n|-damage|p2a: Nihilego|34\/100\n|move|p2a: Nihilego|Meteor Beam||[still]\n|-prepare|p2a: Nihilego|Meteor Beam\n|-boost|p2a: Nihilego|spa|1\n|-enditem|p2a: Nihilego|Power Herb\n|-anim|p2a: Nihilego|Meteor Beam|p1a: Blacephalon\n|-supereffective|p1a: Blacephalon\n|-damage|p1a: Blacephalon|0 fnt\n|faint|p1a: Blacephalon\n|-ability|p2a: Nihilego|Beast Boost|boost\n|-boost|p2a: Nihilego|spe|1\n|\n|upkeep\n|\n|t:|1666457336\n|switch|p1a: Garchomp|Garchomp, F|100\/100\n|-damage|p1a: Garchomp|94\/100|[from] Stealth Rock\n|turn|12\n|\n|t:|1666457344\n|move|p2a: Nihilego|Grass Knot|p1a: Garchomp\n|-damage|p1a: Garchomp|54\/100\n|-damage|p2a: Nihilego|22\/100|[from] ability: Rough Skin|[of] p1a: Garchomp\n|move|p1a: Garchomp|Earthquake|p2a: Nihilego\n|-supereffective|p2a: Nihilego\n|-damage|p2a: Nihilego|0 fnt\n|faint|p2a: Nihilego\n|\n|upkeep\n|\n|t:|1666457359\n|switch|p2a: Weavile|Weavile, F|100\/100\n|-damage|p2a: Weavile|76\/100|[from] Stealth Rock\n|-damage|p2a: Weavile|51\/100|[from] Spikes\n|-ability|p2a: Weavile|Pressure\n|turn|13\n|\n|t:|1666457368\n|switch|p1a: Weavile|Weavile, F|100\/100\n|-damage|p1a: Weavile|76\/100|[from] Stealth Rock\n|-ability|p1a: Weavile|Pressure\n|move|p2a: Weavile|Ice Shard|p1a: Weavile\n|-resisted|p1a: Weavile\n|-damage|p1a: Weavile|51\/100\n|-damage|p2a: Weavile|41\/100|[from] item: Life Orb\n|\n|upkeep\n|turn|14\n|\n|t:|1666457384\n|move|p2a: Weavile|Low Kick|p1a: Weavile\n|-supereffective|p1a: Weavile\n|-damage|p1a: Weavile|0 fnt\n|faint|p1a: Weavile\n|-damage|p2a: Weavile|31\/100|[from] item: Life Orb\n|\n|upkeep\n|\n|t:|1666457388\n|switch|p1a: Celesteela|Celesteela|100\/100\n|-damage|p1a: Celesteela|88\/100|[from] Stealth Rock\n|turn|15\n|\n|t:|1666457391\n|move|p2a: Weavile|Knock Off|p1a: Celesteela\n|-damage|p1a: Celesteela|18\/100\n|-enditem|p1a: Celesteela|Power Herb|[from] move: Knock Off|[of] p2a: Weavile\n|-damage|p2a: Weavile|21\/100|[from] item: Life Orb\n|move|p1a: Celesteela|Autotomize|p1a: Celesteela\n|-boost|p1a: Celesteela|spe|2\n|-start|p1a: Celesteela|Autotomize\n|\n|upkeep\n|turn|16\n|\n|t:|1666457398\n|move|p2a: Weavile|Ice Shard|p1a: Celesteela\n|-damage|p1a: Celesteela|0 fnt\n|faint|p1a: Celesteela\n|-damage|p2a: Weavile|11\/100|[from] item: Life Orb\n|\n|upkeep\n|\n|t:|1666457401\n|switch|p1a: Garchomp|Garchomp, F|54\/100\n|-damage|p1a: Garchomp|48\/100|[from] Stealth Rock\n|turn|17\n|\n|t:|1666457404\n|move|p2a: Weavile|Ice Shard|p1a: Garchomp\n|-supereffective|p1a: Garchomp\n|-damage|p1a: Garchomp|0 fnt\n|faint|p1a: Garchomp\n|-damage|p2a: Weavile|1\/100|[from] item: Life Orb\n|\n|win|HQSNonsense\n|raw|Neon83's rating: 1649 &rarr; <strong>1630<\/strong><br \/>(-19 for losing)\n|raw|HQSNonsense's rating: 1675 &rarr; <strong>1694<\/strong><br \/>(+19 for winning)\n|c|\u2606Neon83|ggg\n","uploadtime":1666457409,"views":5,"p1id":"neon83","p2id":"hqsnonsense","formatid":"gen8ou","rating":1630,"private":0,"password":null}