{"id":"gen8ou-1644948324","p1":"cump4","p2":"bigtestsofbig","format":"gen8ou","log":"|j|\u2606cump4\n|j|\u2606bigtestsofbig\n|t:|1661113765\n|gametype|singles\n|player|p1|cump4|pilot|1696\n|player|p2|bigtestsofbig|medium|1629\n|teamsize|p1|6\n|teamsize|p2|6\n|gen|8\n|tier|[Gen 8] OU\n|rated|\n|rule|Sleep Clause Mod: Limit one foe put to sleep\n|rule|Species Clause: Limit one of each Pok\u00e9mon\n|rule|OHKO Clause: OHKO moves are banned\n|rule|Evasion Items Clause: Evasion items are banned\n|rule|Evasion Moves Clause: Evasion moves are banned\n|rule|Endless Battle Clause: Forcing endless battles is banned\n|rule|HP Percentage Mod: HP is shown in percentages\n|rule|Dynamax Clause: You cannot dynamax\n|clearpoke\n|poke|p1|Heatran, M|\n|poke|p1|Landorus-Therian, M|\n|poke|p1|Magnezone|\n|poke|p1|Rillaboom, F|\n|poke|p1|Latios, M|\n|poke|p1|Dragapult, F|\n|poke|p2|Terrakion|\n|poke|p2|Tapu Fini|\n|poke|p2|Scizor, M|\n|poke|p2|Hippowdon, F|\n|poke|p2|Skarmory, M|\n|poke|p2|Slowking-Galar, M|\n|teampreview\n|c|\u2606cump4|hf\n|j| Matheus RW\n|c|\u2606bigtestsofbig|u2\n|l| Matheus RW\n|inactive|Battle timer is ON: inactive players will automatically lose when time's up. (requested by cump4)\n|\n|t:|1661113785\n|start\n|switch|p1a: Latios|Latios, M, shiny|100\/100\n|switch|p2a: cow|Terrakion|100\/100\n|turn|1\n|\n|t:|1661113791\n|switch|p2a: THE BITE OF 87?!|Slowking-Galar, M|100\/100\n|move|p1a: Latios|Psyshock|p2a: THE BITE OF 87?!\n|-damage|p2a: THE BITE OF 87?!|40\/100\n|\n|upkeep\n|turn|2\n|\n|t:|1661113798\n|switch|p1a: Magnezone|Magnezone, shiny|100\/100\n|move|p2a: THE BITE OF 87?!|Future Sight|p1a: Magnezone\n|-start|p2a: THE BITE OF 87?!|move: Future Sight\n|\n|upkeep\n|turn|3\n|\n|t:|1661113816\n|switch|p1a: Latios|Latios, M, shiny|100\/100\n|switch|p2a: representation|Hippowdon, F|100\/100\n|-weather|Sandstorm|[from] ability: Sand Stream|[of] p2a: representation\n|\n|-weather|Sandstorm|[upkeep]\n|-damage|p1a: Latios|95\/100|[from] Sandstorm\n|upkeep\n|turn|4\n|\n|t:|1661113822\n|move|p1a: Latios|Draco Meteor|p2a: representation\n|-damage|p2a: representation|33\/100\n|-unboost|p1a: Latios|spa|2\n|move|p2a: representation|Slack Off|p2a: representation\n|-heal|p2a: representation|83\/100\n|\n|-weather|Sandstorm|[upkeep]\n|-damage|p1a: Latios|89\/100|[from] Sandstorm\n|-end|p1a: Latios|move: Future Sight\n|-resisted|p1a: Latios\n|-damage|p1a: Latios|63\/100\n|-heal|p2a: representation|90\/100|[from] item: Leftovers\n|upkeep\n|turn|5\n|\n|t:|1661113828\n|switch|p1a: Landorus|Landorus-Therian, M|100\/100\n|-ability|p1a: Landorus|Intimidate|boost\n|-unboost|p2a: representation|atk|1\n|move|p2a: representation|Stealth Rock|p1a: Landorus\n|-sidestart|p1: cump4|move: Stealth Rock\n|\n|-weather|Sandstorm|[upkeep]\n|-heal|p2a: representation|96\/100|[from] item: Leftovers\n|upkeep\n|turn|6\n|\n|t:|1661113832\n|move|p1a: Landorus|Defog|p2a: representation\n|-unboost|p2a: representation|evasion|1\n|-sideend|p1: cump4|Stealth Rock|[from] move: Defog|[of] p1a: Landorus\n|move|p2a: representation|Toxic|p1a: Landorus\n|-status|p1a: Landorus|tox\n|\n|-weather|Sandstorm|[upkeep]\n|-heal|p2a: representation|100\/100|[from] item: Leftovers\n|-damage|p1a: Landorus|94\/100 tox|[from] psn\n|upkeep\n|turn|7\n|\n|t:|1661113838\n|switch|p2a: mr krabs|Scizor, M|100\/100\n|move|p1a: Landorus|U-turn|p2a: mr krabs\n|-resisted|p2a: mr krabs\n|-damage|p2a: mr krabs|93\/100\n|\n|t:|1661113842\n|switch|p1a: Heatran|Heatran, M|100\/100|[from]move: U-turn\n|\n|-weather|none\n|-heal|p2a: mr krabs|99\/100|[from] item: Leftovers\n|upkeep\n|turn|8\n|\n|t:|1661113847\n|switch|p2a: representation|Hippowdon, F|100\/100\n|-weather|Sandstorm|[from] ability: Sand Stream|[of] p2a: representation\n|move|p1a: Heatran|Stealth Rock|p2a: representation\n|-sidestart|p2: bigtestsofbig|move: Stealth Rock\n|\n|-weather|Sandstorm|[upkeep]\n|upkeep\n|turn|9\n|\n|t:|1661113852\n|switch|p1a: Rillaboom|Rillaboom, F|100\/100\n|-fieldstart|move: Grassy Terrain|[from] ability: Grassy Surge|[of] p1a: Rillaboom\n|move|p2a: representation|Stealth Rock|p1a: Rillaboom\n|-sidestart|p1: cump4|move: Stealth Rock\n|\n|-weather|Sandstorm|[upkeep]\n|-damage|p1a: Rillaboom|94\/100|[from] Sandstorm\n|-heal|p1a: Rillaboom|100\/100|[from] Grassy Terrain\n|upkeep\n|turn|10\n|\n|t:|1661113861\n|switch|p2a: mr krabs|Scizor, M|99\/100\n|-damage|p2a: mr krabs|87\/100|[from] Stealth Rock\n|move|p1a: Rillaboom|U-turn|p2a: mr krabs\n|-resisted|p2a: mr krabs\n|-damage|p2a: mr krabs|74\/100\n|\n|t:|1661113863\n|switch|p1a: Magnezone|Magnezone, shiny|100\/100|[from]move: U-turn\n|-damage|p1a: Magnezone|94\/100|[from] Stealth Rock\n|\n|-weather|Sandstorm|[upkeep]\n|-heal|p1a: Magnezone|100\/100|[from] Grassy Terrain\n|-heal|p2a: mr krabs|80\/100|[from] Grassy Terrain\n|-heal|p2a: mr krabs|86\/100|[from] item: Leftovers\n|upkeep\n|turn|11\n|\n|t:|1661113872\n|move|p1a: Magnezone|Discharge|p2a: mr krabs\n|-damage|p2a: mr krabs|47\/100\n|move|p2a: mr krabs|U-turn|p1a: Magnezone\n|-resisted|p1a: Magnezone\n|-damage|p1a: Magnezone|90\/100\n|\n|t:|1661113880\n|switch|p2a: cow|Terrakion|100\/100|[from]move: U-turn\n|-damage|p2a: cow|94\/100|[from] Stealth Rock\n|\n|-weather|Sandstorm|[upkeep]\n|-heal|p2a: cow|100\/100|[from] Grassy Terrain\n|-heal|p1a: Magnezone|96\/100|[from] Grassy Terrain\n|-heal|p1a: Magnezone|100\/100|[from] item: Leftovers\n|upkeep\n|turn|12\n|\n|t:|1661113888\n|switch|p1a: Landorus|Landorus-Therian, M|94\/100 tox\n|-damage|p1a: Landorus|82\/100 tox|[from] Stealth Rock\n|-ability|p1a: Landorus|Intimidate|boost\n|-unboost|p2a: cow|atk|1\n|move|p2a: cow|Stone Edge|p1a: Landorus\n|-damage|p1a: Landorus|28\/100 tox\n|\n|-weather|none\n|-heal|p1a: Landorus|34\/100 tox|[from] item: Leftovers\n|-damage|p1a: Landorus|28\/100 tox|[from] psn\n|upkeep\n|turn|13\n|\n|t:|1661113895\n|move|p2a: cow|Stone Edge|p1a: Landorus|[miss]\n|-miss|p2a: cow|p1a: Landorus\n|move|p1a: Landorus|U-turn|p2a: cow\n|-resisted|p2a: cow\n|-damage|p2a: cow|89\/100\n|\n|t:|1661113900\n|switch|p1a: Latios|Latios, M, shiny|63\/100|[from]move: U-turn\n|-damage|p1a: Latios|51\/100|[from] Stealth Rock\n|\n|-heal|p2a: cow|95\/100|[from] Grassy Terrain\n|-fieldend|move: Grassy Terrain\n|upkeep\n|turn|14\n|\n|t:|1661113904\n|switch|p2a: THE BITE OF 87?!|Slowking-Galar, M|74\/100\n|-damage|p2a: THE BITE OF 87?!|61\/100|[from] Stealth Rock\n|move|p1a: Latios|Psyshock|p2a: THE BITE OF 87?!\n|-damage|p2a: THE BITE OF 87?!|0 fnt\n|faint|p2a: THE BITE OF 87?!\n|\n|upkeep\n|\n|t:|1661113912\n|switch|p2a: mr krabs|Scizor, M|47\/100\n|-damage|p2a: mr krabs|35\/100|[from] Stealth Rock\n|turn|15\n|\n|t:|1661113917\n|switch|p1a: Magnezone|Magnezone, shiny|100\/100\n|-damage|p1a: Magnezone|94\/100|[from] Stealth Rock\n|move|p2a: mr krabs|Roost|p2a: mr krabs\n|-heal|p2a: mr krabs|85\/100\n|-singleturn|p2a: mr krabs|move: Roost\n|\n|-heal|p1a: Magnezone|100\/100|[from] item: Leftovers\n|-heal|p2a: mr krabs|91\/100|[from] item: Leftovers\n|upkeep\n|turn|16\n|\n|t:|1661113922\n|move|p1a: Magnezone|Discharge|p2a: mr krabs\n|-damage|p2a: mr krabs|51\/100\n|move|p2a: mr krabs|Roost|p2a: mr krabs\n|-heal|p2a: mr krabs|100\/100\n|-singleturn|p2a: mr krabs|move: Roost\n|\n|upkeep\n|turn|17\n|\n|t:|1661113927\n|move|p1a: Magnezone|Discharge|p2a: mr krabs\n|-damage|p2a: mr krabs|60\/100\n|move|p2a: mr krabs|U-turn|p1a: Magnezone\n|-resisted|p1a: Magnezone\n|-damage|p1a: Magnezone|90\/100\n|\n|t:|1661113933\n|switch|p2a: cow|Terrakion|95\/100|[from]move: U-turn\n|-damage|p2a: cow|89\/100|[from] Stealth Rock\n|\n|-heal|p1a: Magnezone|96\/100|[from] item: Leftovers\n|upkeep\n|turn|18\n|\n|t:|1661113941\n|move|p2a: cow|Earthquake|p1a: Magnezone\n|-supereffective|p1a: Magnezone\n|-damage|p1a: Magnezone|0 fnt\n|faint|p1a: Magnezone\n|\n|upkeep\n|\n|t:|1661113944\n|switch|p1a: Dragapult|Dragapult, F, shiny|100\/100\n|-damage|p1a: Dragapult|88\/100|[from] Stealth Rock\n|turn|19\n|\n|t:|1661113949\n|switch|p2a: representation|Hippowdon, F|100\/100\n|-damage|p2a: representation|94\/100|[from] Stealth Rock\n|-weather|Sandstorm|[from] ability: Sand Stream|[of] p2a: representation\n|move|p1a: Dragapult|Dragon Darts|p2a: representation\n|-damage|p2a: representation|66\/100\n|-anim|p1a: Dragapult|Dragon Darts|p2a: representation\n|-damage|p2a: representation|36\/100\n|\n|-weather|Sandstorm|[upkeep]\n|-damage|p1a: Dragapult|82\/100|[from] Sandstorm\n|-heal|p2a: representation|42\/100|[from] item: Leftovers\n|upkeep\n|turn|20\n|\n|t:|1661113955\n|switch|p1a: Rillaboom|Rillaboom, F|100\/100\n|-damage|p1a: Rillaboom|88\/100|[from] Stealth Rock\n|-fieldstart|move: Grassy Terrain|[from] ability: Grassy Surge|[of] p1a: Rillaboom\n|move|p2a: representation|Slack Off|p2a: representation\n|-heal|p2a: representation|92\/100\n|\n|-weather|Sandstorm|[upkeep]\n|-damage|p1a: Rillaboom|82\/100|[from] Sandstorm\n|-heal|p1a: Rillaboom|88\/100|[from] Grassy Terrain\n|-heal|p2a: representation|98\/100|[from] Grassy Terrain\n|-heal|p2a: representation|100\/100|[from] item: Leftovers\n|upkeep\n|turn|21\n|\n|t:|1661113968\n|switch|p2a: spork|Skarmory, M|100\/100\n|-damage|p2a: spork|88\/100|[from] Stealth Rock\n|move|p1a: Rillaboom|U-turn|p2a: spork\n|-resisted|p2a: spork\n|-damage|p2a: spork|83\/100\n|\n|t:|1661113974\n|switch|p1a: Heatran|Heatran, M|100\/100|[from]move: U-turn\n|-damage|p1a: Heatran|88\/100|[from] Stealth Rock\n|\n|-weather|Sandstorm|[upkeep]\n|-heal|p1a: Heatran|94\/100|[from] Grassy Terrain\n|-heal|p1a: Heatran|100\/100|[from] item: Leftovers\n|-heal|p2a: spork|89\/100|[from] item: Leftovers\n|upkeep\n|turn|22\n|\n|t:|1661113979\n|switch|p2a: cow|Terrakion|89\/100\n|-damage|p2a: cow|83\/100|[from] Stealth Rock\n|move|p1a: Heatran|Lava Plume|p2a: cow\n|-resisted|p2a: cow\n|-damage|p2a: cow|70\/100\n|\n|-weather|Sandstorm|[upkeep]\n|-heal|p2a: cow|76\/100|[from] Grassy Terrain\n|upkeep\n|turn|23\n|\n|t:|1661113984\n|switch|p1a: Dragapult|Dragapult, F, shiny|82\/100\n|-damage|p1a: Dragapult|70\/100|[from] Stealth Rock\n|move|p2a: cow|Stone Edge|p1a: Dragapult\n|-damage|p1a: Dragapult|0 fnt\n|faint|p1a: Dragapult\n|\n|-weather|none\n|-heal|p2a: cow|83\/100|[from] Grassy Terrain\n|upkeep\n|\n|t:|1661113988\n|switch|p1a: Rillaboom|Rillaboom, F|88\/100\n|-damage|p1a: Rillaboom|76\/100|[from] Stealth Rock\n|turn|24\n|\n|t:|1661113994\n|switch|p2a: mr krabs|Scizor, M|60\/100\n|-damage|p2a: mr krabs|48\/100|[from] Stealth Rock\n|move|p1a: Rillaboom|U-turn|p2a: mr krabs\n|-resisted|p2a: mr krabs\n|-damage|p2a: mr krabs|34\/100\n|\n|t:|1661113998\n|switch|p1a: Heatran|Heatran, M|100\/100|[from]move: U-turn\n|-damage|p1a: Heatran|88\/100|[from] Stealth Rock\n|\n|-heal|p1a: Heatran|94\/100|[from] Grassy Terrain\n|-heal|p1a: Heatran|100\/100|[from] item: Leftovers\n|-heal|p2a: mr krabs|40\/100|[from] Grassy Terrain\n|-heal|p2a: mr krabs|46\/100|[from] item: Leftovers\n|-fieldend|move: Grassy Terrain\n|upkeep\n|turn|25\n|\n|t:|1661114004\n|move|p1a: Heatran|Lava Plume|p2a: mr krabs\n|-supereffective|p2a: mr krabs\n|-damage|p2a: mr krabs|0 fnt\n|faint|p2a: mr krabs\n|\n|upkeep\n|\n|t:|1661114017\n|switch|p2a: cow|Terrakion|83\/100\n|-damage|p2a: cow|76\/100|[from] Stealth Rock\n|turn|26\n|\n|t:|1661114020\n|switch|p1a: Rillaboom|Rillaboom, F|76\/100\n|-damage|p1a: Rillaboom|64\/100|[from] Stealth Rock\n|-fieldstart|move: Grassy Terrain|[from] ability: Grassy Surge|[of] p1a: Rillaboom\n|move|p2a: cow|Close Combat|p1a: Rillaboom\n|-damage|p1a: Rillaboom|0 fnt\n|-unboost|p2a: cow|def|1\n|-unboost|p2a: cow|spd|1\n|faint|p1a: Rillaboom\n|\n|-heal|p2a: cow|83\/100|[from] Grassy Terrain\n|upkeep\n|-message|cump4 forfeited.\n|\n|win|bigtestsofbig\n|raw|cump4's rating: 1696 &rarr; <strong>1672<\/strong><br \/>(-24 for losing)\n|raw|bigtestsofbig's rating: 1629 &rarr; <strong>1653<\/strong><br \/>(+24 for winning)\n|l|\u2606cump4\n|c|\u2606bigtestsofbig|gg\n||Ladder isn't responding, score probably updated but might not have (Request timeout).\n","uploadtime":1661114031,"views":23,"p1id":"cump4","p2id":"bigtestsofbig","formatid":"gen8ou","rating":1653,"private":0,"password":null}