{"id":"gen8ou-1689030815","p1":"Steez Ibanez","p2":"Envyetta\/TTV","format":"gen8ou","log":"|html|<div class=\"broadcast-blue\"><strong>[Gen 8] OU is currently suspecting Melmetal! For information on how to participate check out the <a href=\"https:\/\/www.smogon.com\/forums\/threads\/np-ss-ou-suspect-process-round-12-monster-mash.3709234\/\">suspect thread<\/a>.<\/strong><\/div>\n|j|\u2606Steez Ibanez\n|j|\u2606Envyetta\/TTV\n|t:|1666125178\n|gametype|singles\n|player|p1|Steez Ibanez|acetrainer-gen7|1760\n|player|p2|Envyetta\/TTV|marnie|1736\n|teamsize|p1|6\n|teamsize|p2|6\n|gen|8\n|tier|[Gen 8] OU\n|rated|\n|rule|Sleep Clause Mod: Limit one foe put to sleep\n|rule|Species Clause: Limit one of each Pok\u00e9mon\n|rule|OHKO Clause: OHKO moves are banned\n|rule|Evasion Items Clause: Evasion items are banned\n|rule|Evasion Moves Clause: Evasion moves are banned\n|rule|Endless Battle Clause: Forcing endless battles is banned\n|rule|HP Percentage Mod: HP is shown in percentages\n|rule|Dynamax Clause: You cannot dynamax\n|clearpoke\n|poke|p1|Urshifu-*, M|\n|poke|p1|Garchomp, M|\n|poke|p1|Zapdos|\n|poke|p1|Dragapult, M|\n|poke|p1|Weezing-Galar, M|\n|poke|p1|Ferrothorn, M|\n|poke|p2|Primarina, F|\n|poke|p2|Gigalith, M|\n|poke|p2|Nidoqueen, F|\n|poke|p2|Skarmory, F|\n|poke|p2|Excadrill, F|\n|poke|p2|Hydreigon, F|\n|teampreview\n|j| LT_Alt1\n|c|\u2606Envyetta\/TTV|Beat me this time\n|c|\u2606Envyetta\/TTV|I know you can do it\n|c|\u2606Steez Ibanez|Lol\n|j| cypherstest\n|\n|t:|1666125232\n|start\n|switch|p1a: Toothless|Dragapult, M|100\/100\n|switch|p2a: Hydreigon|Hydreigon, F, shiny|100\/100\n|turn|1\n|c|\u2606Steez Ibanez|Changed your name and attitude i see\n|c|\u2606Steez Ibanez|you used to be so quiet\n|\n|t:|1666125254\n|switch|p2a: Marina|Primarina, F, shiny|100\/100\n|move|p1a: Toothless|U-turn|p2a: Marina\n|-resisted|p2a: Marina\n|-damage|p2a: Marina|89\/100\n|c|\u2606Envyetta\/TTV|Nah\n|j| JackTen\n|\n|t:|1666125262\n|switch|p1a: Speedwagon|Weezing-Galar, M|100\/100|[from]move: U-turn\n|\n|-heal|p2a: Marina|95\/100|[from] item: Leftovers\n|upkeep\n|turn|2\n|\n|t:|1666125268\n|switch|p2a: Nidoqueen|Nidoqueen, F, shiny|100\/100\n|move|p1a: Speedwagon|Sludge Bomb|p2a: Nidoqueen\n|-resisted|p2a: Nidoqueen\n|-damage|p2a: Nidoqueen|92\/100\n|\n|upkeep\n|turn|3\n|\n|t:|1666125274\n|move|p2a: Nidoqueen|Earth Power|p1a: Speedwagon\n|-immune|p1a: Speedwagon|[from] ability: Levitate\n|move|p1a: Speedwagon|Will-O-Wisp|p2a: Nidoqueen\n|-status|p2a: Nidoqueen|brn\n|\n|-damage|p2a: Nidoqueen|86\/100 brn|[from] brn\n|upkeep\n|turn|4\n|\n|t:|1666125281\n|move|p2a: Nidoqueen|Earth Power|p1a: Speedwagon\n|-immune|p1a: Speedwagon|[from] ability: Levitate\n|move|p1a: Speedwagon|Toxic Spikes|p2a: Nidoqueen\n|-sidestart|p2: Envyetta\/TTV|move: Toxic Spikes\n|\n|-damage|p2a: Nidoqueen|80\/100 brn|[from] brn\n|upkeep\n|turn|5\n|\n|t:|1666125286\n|move|p2a: Nidoqueen|Sludge Wave|p1a: Speedwagon\n|-damage|p1a: Speedwagon|10\/100\n|move|p1a: Speedwagon|Strange Steam|p2a: Nidoqueen\n|-resisted|p2a: Nidoqueen\n|-damage|p2a: Nidoqueen|63\/100 brn\n|\n|-heal|p1a: Speedwagon|16\/100|[from] item: Black Sludge\n|-damage|p2a: Nidoqueen|57\/100 brn|[from] brn\n|upkeep\n|turn|6\n|j| Jongruenwald\n|\n|t:|1666125292\n|move|p2a: Nidoqueen|Ice Beam|p1a: Speedwagon\n|-damage|p1a: Speedwagon|0 fnt\n|faint|p1a: Speedwagon\n|\n|-damage|p2a: Nidoqueen|50\/100 brn|[from] brn\n|upkeep\n|\n|t:|1666125298\n|switch|p1a: Samehada|Garchomp, M|100\/100\n|turn|7\n|c|\u2606Envyetta\/TTV|I guess you didn\u2019t learn\n|\n|t:|1666125312\n|switch|p2a: Skarmory|Skarmory, F, shiny|100\/100\n|move|p1a: Samehada|Earthquake|p2a: Skarmory\n|-immune|p2a: Skarmory\n|\n|upkeep\n|turn|8\n|\n|t:|1666125317\n|move|p1a: Samehada|Stealth Rock|p2a: Skarmory\n|-sidestart|p2: Envyetta\/TTV|move: Stealth Rock\n|move|p2a: Skarmory|Spikes|p1a: Samehada\n|-sidestart|p1: Steez Ibanez|Spikes\n|\n|upkeep\n|turn|9\n|\n|t:|1666125321\n|switch|p1a: Abomination|Ferrothorn, M|100\/100\n|-damage|p1a: Abomination|88\/100|[from] Spikes\n|move|p2a: Skarmory|Spikes|p1a: Abomination\n|-sidestart|p1: Steez Ibanez|Spikes\n|\n|upkeep\n|turn|10\n|\n|t:|1666125326\n|move|p2a: Skarmory|Spikes|p1a: Abomination\n|-sidestart|p1: Steez Ibanez|Spikes\n|move|p1a: Abomination|Leech Seed|p2a: Skarmory\n|-start|p2a: Skarmory|move: Leech Seed\n|\n|-damage|p2a: Skarmory|88\/100|[from] Leech Seed|[of] p1a: Abomination\n|-heal|p1a: Abomination|99\/100|[silent]\n|upkeep\n|turn|11\n|\n|t:|1666125331\n|switch|p2a: Hydreigon|Hydreigon, F, shiny|100\/100\n|-damage|p2a: Hydreigon|88\/100|[from] Stealth Rock\n|move|p1a: Abomination|Spikes|p2a: Hydreigon\n|-sidestart|p2: Envyetta\/TTV|Spikes\n|\n|upkeep\n|turn|12\n|\n|t:|1666125335\n|move|p2a: Hydreigon|Flamethrower|p1a: Abomination\n|-supereffective|p1a: Abomination\n|-damage|p1a: Abomination|0 fnt\n|faint|p1a: Abomination\n|\n|upkeep\n|\n|t:|1666125339\n|switch|p1a: Toothless|Dragapult, M|100\/100\n|turn|13\n|\n|t:|1666125361\n|switch|p2a: Nidoqueen|Nidoqueen, F, shiny|50\/100 brn\n|-sideend|p2: Envyetta\/TTV|move: Toxic Spikes|[of] p2a: Nidoqueen\n|-damage|p2a: Nidoqueen|44\/100 brn|[from] Stealth Rock\n|-damage|p2a: Nidoqueen|32\/100 brn|[from] Spikes\n|move|p1a: Toothless|Dragon Darts|p2a: Nidoqueen\n|-crit|p2a: Nidoqueen\n|-damage|p2a: Nidoqueen|0 fnt\n|faint|p2a: Nidoqueen\n|\n|upkeep\n|\n|t:|1666125374\n|switch|p2a: Marina|Primarina, F, shiny|95\/100\n|-damage|p2a: Marina|82\/100|[from] Stealth Rock\n|-damage|p2a: Marina|70\/100|[from] Spikes\n|turn|14\n|inactive|Battle timer is ON: inactive players will automatically lose when time's up. (requested by Envyetta\/TTV)\n|\n|t:|1666125378\n|move|p1a: Toothless|U-turn|p2a: Marina\n|-resisted|p2a: Marina\n|-damage|p2a: Marina|59\/100\n|\n|t:|1666125379\n|switch|p1a: Bolt|Zapdos|100\/100|[from]move: U-turn\n|move|p2a: Marina|Moonblast|p1a: Bolt\n|-damage|p1a: Bolt|53\/100\n|\n|-heal|p2a: Marina|65\/100|[from] item: Leftovers\n|upkeep\n|turn|15\n|\n|t:|1666125390\n|move|p1a: Bolt|Discharge|p2a: Marina\n|-supereffective|p2a: Marina\n|-damage|p2a: Marina|10\/100\n|-status|p2a: Marina|par\n|move|p2a: Marina|Moonblast|p1a: Bolt\n|-damage|p1a: Bolt|3\/100\n|-unboost|p1a: Bolt|spa|1\n|\n|-heal|p2a: Marina|16\/100 par|[from] item: Leftovers\n|upkeep\n|turn|16\n|\n|t:|1666125398\n|move|p1a: Bolt|Discharge|p2a: Marina\n|-supereffective|p2a: Marina\n|-damage|p2a: Marina|0 fnt\n|faint|p2a: Marina\n|\n|upkeep\n|\n|t:|1666125409\n|switch|p2a: Emerald|Gigalith, M, shiny|100\/100\n|-damage|p2a: Emerald|88\/100|[from] Stealth Rock\n|-damage|p2a: Emerald|76\/100|[from] Spikes\n|-weather|Sandstorm|[from] ability: Sand Stream|[of] p2a: Emerald\n|turn|17\n|\n|t:|1666125412\n|move|p1a: Bolt|Toxic|p2a: Emerald\n|-status|p2a: Emerald|tox\n|move|p2a: Emerald|Stealth Rock|p1a: Bolt\n|-sidestart|p1: Steez Ibanez|move: Stealth Rock\n|\n|-weather|Sandstorm|[upkeep]\n|-damage|p1a: Bolt|0 fnt|[from] Sandstorm\n|faint|p1a: Bolt\n|-heal|p2a: Emerald|82\/100 tox|[from] item: Leftovers\n|-damage|p2a: Emerald|76\/100 tox|[from] psn\n|upkeep\n|\n|t:|1666125421\n|switch|p1a: Tanjiro Kun|Urshifu-Rapid-Strike, M|100\/100\n|-damage|p1a: Tanjiro Kun|76\/100|[from] Spikes\n|-damage|p1a: Tanjiro Kun|69\/100|[from] Stealth Rock\n|turn|18\n|\n|t:|1666125426\n|move|p1a: Tanjiro Kun|Surging Strikes|p2a: Emerald\n|-supereffective|p2a: Emerald\n|-crit|p2a: Emerald\n|-damage|p2a: Emerald|47\/100 tox\n|-supereffective|p2a: Emerald\n|-crit|p2a: Emerald\n|-damage|p2a: Emerald|18\/100 tox\n|-supereffective|p2a: Emerald\n|-crit|p2a: Emerald\n|-damage|p2a: Emerald|0 fnt\n|faint|p2a: Emerald\n|-hitcount|p2: Emerald|3\n|\n|-weather|Sandstorm|[upkeep]\n|-damage|p1a: Tanjiro Kun|63\/100|[from] Sandstorm\n|upkeep\n|\n|t:|1666125431\n|switch|p2a: Excadrill|Excadrill, F, shiny|100\/100\n|-damage|p2a: Excadrill|97\/100|[from] Stealth Rock\n|-item|p2a: Excadrill|Air Balloon\n|turn|19\n|\n|t:|1666125433\n|move|p2a: Excadrill|Earthquake|p1a: Tanjiro Kun\n|-damage|p1a: Tanjiro Kun|0 fnt\n|faint|p1a: Tanjiro Kun\n|\n|-weather|Sandstorm|[upkeep]\n|upkeep\n|\n|t:|1666125437\n|switch|p1a: Toothless|Dragapult, M|100\/100\n|turn|20\n|l| Jongruenwald\n|\n|t:|1666125446\n|move|p2a: Excadrill|Iron Head|p1a: Toothless\n|-damage|p1a: Toothless|36\/100\n|move|p1a: Toothless|U-turn|p2a: Excadrill\n|-resisted|p2a: Excadrill\n|-damage|p2a: Excadrill|83\/100\n|-enditem|p2a: Excadrill|Air Balloon\n|\n|t:|1666125449\n|switch|p1a: Samehada|Garchomp, M|100\/100|[from]move: U-turn\n|-damage|p1a: Samehada|75\/100|[from] Spikes\n|-damage|p1a: Samehada|69\/100|[from] Stealth Rock\n|\n|-weather|Sandstorm|[upkeep]\n|-heal|p1a: Samehada|75\/100|[from] item: Leftovers\n|upkeep\n|turn|21\n|j| BMSB\n|inactive|Envyetta\/TTV has 120 seconds left.\n|\n|t:|1666125484\n|switch|p2a: Skarmory|Skarmory, F, shiny|88\/100\n|-damage|p2a: Skarmory|76\/100|[from] Stealth Rock\n|move|p1a: Samehada|Earthquake|p2a: Skarmory\n|-immune|p2a: Skarmory\n|\n|-weather|none\n|-heal|p1a: Samehada|82\/100|[from] item: Leftovers\n|upkeep\n|turn|22\n|inactive|Envyetta\/TTV has 120 seconds left.\n|\n|t:|1666125492\n|move|p1a: Samehada|Protect|p1a: Samehada\n|-singleturn|p1a: Samehada|Protect\n|move|p2a: Skarmory|Roost|p2a: Skarmory\n|-heal|p2a: Skarmory|100\/100\n|-singleturn|p2a: Skarmory|move: Roost\n|\n|-heal|p1a: Samehada|88\/100|[from] item: Leftovers\n|upkeep\n|turn|23\n|\n|t:|1666125497\n|move|p1a: Samehada|Toxic|p2a: Skarmory\n|-immune|p2a: Skarmory\n|move|p2a: Skarmory|Body Press|p1a: Samehada\n|-damage|p1a: Samehada|62\/100\n|-damage|p2a: Skarmory|88\/100|[from] ability: Rough Skin|[of] p1a: Samehada\n|\n|-heal|p1a: Samehada|68\/100|[from] item: Leftovers\n|upkeep\n|turn|24\n|\n|t:|1666125501\n|move|p1a: Samehada|Toxic|p2a: Skarmory\n|-immune|p2a: Skarmory\n|move|p2a: Skarmory|Brave Bird|p1a: Samehada\n|-damage|p1a: Samehada|42\/100\n|-damage|p2a: Skarmory|76\/100|[from] ability: Rough Skin|[of] p1a: Samehada\n|-damage|p2a: Skarmory|65\/100|[from] Recoil\n|\n|-heal|p1a: Samehada|48\/100|[from] item: Leftovers\n|upkeep\n|turn|25\n|\n|t:|1666125503\n|switch|p1a: Toothless|Dragapult, M|36\/100\n|move|p2a: Skarmory|Roost|p2a: Skarmory\n|-heal|p2a: Skarmory|100\/100\n|-singleturn|p2a: Skarmory|move: Roost\n|\n|upkeep\n|turn|26\n|\n|t:|1666125507\n|move|p1a: Toothless|Hex|p2a: Skarmory\n|-damage|p2a: Skarmory|66\/100\n|move|p2a: Skarmory|Brave Bird|p1a: Toothless\n|-damage|p1a: Toothless|0 fnt\n|faint|p1a: Toothless\n|-damage|p2a: Skarmory|55\/100|[from] Recoil\n|\n|upkeep\n|c|\u2606Envyetta\/TTV|Gg again\n|c|\u2606Steez Ibanez|Lol bb bp\n|c|\u2606Steez Ibanez|gg\n|-message|Steez Ibanez forfeited.\n|\n|win|Envyetta\/TTV\n|raw|Steez Ibanez's rating: 1760 &rarr; <strong>1739<\/strong><br \/>(-21 for losing)\n|raw|Envyetta&#x2f;TTV's rating: 1736 &rarr; <strong>1757<\/strong><br \/>(+21 for winning)\n|l|\u2606Steez Ibanez\n|l| BMSB\n|l| cypherstest\n|c|\u2606Envyetta\/TTV|Oh I didn\u2019t know it was him haha\n||Ladder isn't responding, score probably updated but might not have (Request timeout).\n|c|\u2606Envyetta\/TTV|no wonder why he recognized my team lol\n","uploadtime":1666125575,"views":16,"p1id":"steezibanez","p2id":"envyettattv","formatid":"gen8ou","rating":1739,"private":0,"password":null}