{"id":"gen8ou-1661432614","p1":"minimax_ai","p2":"iopkj09","format":"gen8ou","log":"|j|\u2606minimax_ai\n|j|\u2606iopkj09\n|t:|1662881760\n|gametype|singles\n|player|p1|minimax_ai|lusamine-nihilego|1527\n|player|p2|iopkj09|nate|1547\n|teamsize|p1|6\n|teamsize|p2|6\n|gen|8\n|tier|[Gen 8] OU\n|rated|\n|rule|Sleep Clause Mod: Limit one foe put to sleep\n|rule|Species Clause: Limit one of each Pok\u00e9mon\n|rule|OHKO Clause: OHKO moves are banned\n|rule|Evasion Items Clause: Evasion items are banned\n|rule|Evasion Moves Clause: Evasion moves are banned\n|rule|Endless Battle Clause: Forcing endless battles is banned\n|rule|HP Percentage Mod: HP is shown in percentages\n|rule|Dynamax Clause: You cannot dynamax\n|clearpoke\n|poke|p1|Rotom-Wash|\n|poke|p1|Weavile, F|\n|poke|p1|Landorus-Therian, M|\n|poke|p1|Heatran, M|\n|poke|p1|Tangrowth, M|\n|poke|p1|Melmetal|\n|poke|p2|Garchomp, M|\n|poke|p2|Mamoswine, M|\n|poke|p2|Zapdos|\n|poke|p2|Rillaboom, M|\n|poke|p2|Tapu Lele|\n|poke|p2|Rotom-Wash|\n|teampreview\n|inactive|Battle timer is ON: inactive players will automatically lose when time's up. (requested by iopkj09)\n|c|\u2606minimax_ai|hf\n|inactive|minimax_ai also wants the timer to be on.\n|\n|t:|1662881768\n|start\n|switch|p1a: landorustherian|Landorus-Therian, M|100\/100\n|switch|p2a: Rotom|Rotom-Wash, shiny|100\/100\n|-ability|p1a: landorustherian|Intimidate|boost\n|-unboost|p2a: Rotom|atk|1\n|turn|1\n|\n|t:|1662881770\n|move|p2a: Rotom|Will-O-Wisp|p1a: landorustherian\n|-status|p1a: landorustherian|brn\n|move|p1a: landorustherian|U-turn|p2a: Rotom\n|-damage|p2a: Rotom|90\/100\n|-damage|p1a: landorustherian|84\/100 brn|[from] item: Rocky Helmet|[of] p2a: Rotom\n|\n|t:|1662881770\n|switch|p1a: rotomwash|Rotom-Wash|100\/100|[from]move: U-turn\n|\n|upkeep\n|turn|2\n|\n|t:|1662881776\n|move|p1a: rotomwash|Hydro Pump|p2a: Rotom|[miss]\n|-miss|p1a: rotomwash|p2a: Rotom\n|move|p2a: Rotom|Will-O-Wisp|p1a: rotomwash\n|-status|p1a: rotomwash|brn\n|\n|-damage|p1a: rotomwash|94\/100 brn|[from] brn\n|upkeep\n|turn|3\n|\n|t:|1662881778\n|move|p1a: rotomwash|Thunderbolt|p2a: Rotom\n|-damage|p2a: Rotom|55\/100\n|move|p2a: Rotom|Volt Switch|p1a: rotomwash\n|-damage|p1a: rotomwash|68\/100 brn\n|\n|t:|1662881781\n|switch|p2a: Tapu Lele|Tapu Lele|100\/100|[from]move: Volt Switch\n|-fieldstart|move: Psychic Terrain|[from] ability: Psychic Surge|[of] p2a: Tapu Lele\n|\n|-heal|p1a: rotomwash|75\/100 brn|[from] item: Leftovers\n|-damage|p1a: rotomwash|68\/100 brn|[from] brn\n|upkeep\n|turn|4\n|\n|t:|1662881785\n|switch|p2a: Rotom|Rotom-Wash, shiny|55\/100\n|switch|p1a: Melmetal|Melmetal|100\/100\n|\n|upkeep\n|turn|5\n|\n|t:|1662881787\n|switch|p1a: landorustherian|Landorus-Therian, M|84\/100 brn\n|-ability|p1a: landorustherian|Intimidate|boost\n|-unboost|p2a: Rotom|atk|1\n|move|p2a: Rotom|Will-O-Wisp|p1a: landorustherian|[miss]\n|-miss|p2a: Rotom|p1a: landorustherian\n|\n|-heal|p1a: landorustherian|90\/100 brn|[from] item: Leftovers\n|-damage|p1a: landorustherian|84\/100 brn|[from] brn\n|upkeep\n|turn|6\n|\n|t:|1662881789\n|move|p2a: Rotom|Hydro Pump|p1a: landorustherian\n|-supereffective|p1a: landorustherian\n|-damage|p1a: landorustherian|30\/100 brn\n|move|p1a: landorustherian|Toxic|p2a: Rotom\n|-status|p2a: Rotom|tox\n|\n|-heal|p1a: landorustherian|36\/100 brn|[from] item: Leftovers\n|-damage|p2a: Rotom|49\/100 tox|[from] psn\n|-damage|p1a: landorustherian|30\/100 brn|[from] brn\n|upkeep\n|turn|7\n|\n|t:|1662881792\n|move|p2a: Rotom|Hydro Pump|p1a: landorustherian\n|-supereffective|p1a: landorustherian\n|-damage|p1a: landorustherian|0 fnt\n|faint|p1a: landorustherian\n|\n|-damage|p2a: Rotom|37\/100 tox|[from] psn\n|-fieldend|move: Psychic Terrain\n|upkeep\n|\n|t:|1662881792\n|switch|p1a: Weavile|Weavile, F|100\/100\n|-ability|p1a: Weavile|Pressure\n|turn|8\n|\n|t:|1662881794\n|move|p1a: Weavile|Knock Off|p2a: Rotom\n|-damage|p2a: Rotom|0 fnt\n|-damage|p1a: Weavile|84\/100|[from] item: Rocky Helmet|[of] p2a: Rotom\n|-enditem|p2a: Rotom|Rocky Helmet|[from] move: Knock Off|[of] p1a: Weavile\n|faint|p2a: Rotom\n|\n|upkeep\n|\n|t:|1662881796\n|switch|p2a: Tapu Lele|Tapu Lele|100\/100\n|-fieldstart|move: Psychic Terrain|[from] ability: Psychic Surge|[of] p2a: Tapu Lele\n|turn|9\n|\n|t:|1662881798\n|switch|p1a: Melmetal|Melmetal|100\/100\n|switch|p2a: Zapdos|Zapdos, shiny|100\/100\n|-ability|p2a: Zapdos|Pressure\n|\n|upkeep\n|turn|10\n|\n|t:|1662881800\n|move|p2a: Zapdos|Heat Wave|p1a: Melmetal\n|-supereffective|p1a: Melmetal\n|-damage|p1a: Melmetal|65\/100\n|move|p1a: Melmetal|Ice Punch|p2a: Zapdos\n|-supereffective|p2a: Zapdos\n|-damage|p2a: Zapdos|17\/100\n|\n|upkeep\n|turn|11\n|j| Frostytheswoleman\n|\n|t:|1662881803\n|move|p2a: Zapdos|Heat Wave|p1a: Melmetal\n|-supereffective|p1a: Melmetal\n|-damage|p1a: Melmetal|29\/100\n|move|p1a: Melmetal|Ice Punch|p2a: Zapdos\n|-supereffective|p2a: Zapdos\n|-damage|p2a: Zapdos|0 fnt\n|faint|p2a: Zapdos\n|\n|upkeep\n|\n|t:|1662881806\n|switch|p2a: Mamoswine|Mamoswine, M|100\/100\n|turn|12\n|\n|t:|1662881815\n|switch|p1a: Tangrowth|Tangrowth, M|100\/100\n|move|p2a: Mamoswine|Earthquake|p1a: Tangrowth\n|-resisted|p1a: Tangrowth\n|-crit|p1a: Tangrowth\n|-damage|p1a: Tangrowth|79\/100\n|\n|upkeep\n|turn|13\n|\n|t:|1662881818\n|move|p2a: Mamoswine|Icicle Crash|p1a: Tangrowth\n|-supereffective|p1a: Tangrowth\n|-damage|p1a: Tangrowth|30\/100\n|cant|p1a: Tangrowth|flinch\n|\n|-fieldend|move: Psychic Terrain\n|upkeep\n|turn|14\n|\n|t:|1662881820\n|switch|p1a: rotomwash|Rotom-Wash|68\/100 brn\n|move|p2a: Mamoswine|Icicle Crash|p1a: rotomwash\n|-resisted|p1a: rotomwash\n|-damage|p1a: rotomwash|44\/100 brn\n|\n|-heal|p1a: rotomwash|50\/100 brn|[from] item: Leftovers\n|-damage|p1a: rotomwash|44\/100 brn|[from] brn\n|upkeep\n|turn|15\n|\n|t:|1662881824\n|switch|p2a: Rillaboom|Rillaboom, M|100\/100\n|-fieldstart|move: Grassy Terrain|[from] ability: Grassy Surge|[of] p2a: Rillaboom\n|move|p1a: rotomwash|Pain Split|p2a: Rillaboom\n|-sethp|p2a: Rillaboom|69\/100|[from] move: Pain Split|[silent]\n|-sethp|p1a: rotomwash|82\/100 brn|[from] move: Pain Split\n|\n|-heal|p1a: rotomwash|88\/100 brn|[from] item: Leftovers\n|-heal|p2a: Rillaboom|75\/100|[from] Grassy Terrain\n|-damage|p1a: rotomwash|82\/100 brn|[from] brn\n|upkeep\n|turn|16\n|\n|t:|1662881831\n|switch|p1a: Tangrowth|Tangrowth, M|64\/100\n|move|p2a: Rillaboom|Swords Dance|p2a: Rillaboom\n|-boost|p2a: Rillaboom|atk|2\n|\n|-heal|p2a: Rillaboom|81\/100|[from] Grassy Terrain\n|-heal|p1a: Tangrowth|70\/100|[from] Grassy Terrain\n|upkeep\n|turn|17\n|\n|t:|1662881839\n|move|p2a: Rillaboom|Swords Dance|p2a: Rillaboom\n|-boost|p2a: Rillaboom|atk|2\n|move|p1a: Tangrowth|Giga Drain|p2a: Rillaboom\n|-resisted|p2a: Rillaboom\n|-damage|p2a: Rillaboom|58\/100\n|-heal|p1a: Tangrowth|80\/100|[from] drain|[of] p2a: Rillaboom\n|\n|-heal|p2a: Rillaboom|64\/100|[from] Grassy Terrain\n|-heal|p1a: Tangrowth|86\/100|[from] Grassy Terrain\n|upkeep\n|turn|18\n|\n|t:|1662881845\n|switch|p1a: Melmetal|Melmetal|29\/100\n|move|p2a: Rillaboom|Swords Dance|p2a: Rillaboom\n|-boost|p2a: Rillaboom|atk|2\n|\n|-heal|p2a: Rillaboom|70\/100|[from] Grassy Terrain\n|-heal|p1a: Melmetal|35\/100|[from] Grassy Terrain\n|upkeep\n|turn|19\n|\n|t:|1662881847\n|move|p2a: Rillaboom|High Horsepower|p1a: Melmetal\n|-supereffective|p1a: Melmetal\n|-damage|p1a: Melmetal|0 fnt\n|faint|p1a: Melmetal\n|-damage|p2a: Rillaboom|60\/100|[from] item: Life Orb\n|\n|-heal|p2a: Rillaboom|66\/100|[from] Grassy Terrain\n|-fieldend|move: Grassy Terrain\n|upkeep\n|\n|t:|1662881848\n|switch|p1a: Weavile|Weavile, F|84\/100\n|-ability|p1a: Weavile|Pressure\n|turn|20\n|\n|t:|1662881854\n|switch|p2a: Tapu Lele|Tapu Lele|100\/100\n|-fieldstart|move: Psychic Terrain|[from] ability: Psychic Surge|[of] p2a: Tapu Lele\n|move|p1a: Weavile|Knock Off|p2a: Tapu Lele\n|-damage|p2a: Tapu Lele|0 fnt\n|-enditem|p2a: Tapu Lele|Choice Specs|[from] move: Knock Off|[of] p1a: Weavile\n|faint|p2a: Tapu Lele\n|\n|upkeep\n|\n|t:|1662881857\n|switch|p2a: Garchomp|Garchomp, M, shiny|100\/100\n|turn|21\n|\n|t:|1662881860\n|switch|p2a: Rillaboom|Rillaboom, M|66\/100\n|-fieldstart|move: Grassy Terrain|[from] ability: Grassy Surge|[of] p2a: Rillaboom\n|switch|p1a: Tangrowth|Tangrowth, M|100\/100\n|\n|-heal|p2a: Rillaboom|72\/100|[from] Grassy Terrain\n|upkeep\n|turn|22\n|\n|t:|1662881863\n|switch|p2a: Mamoswine|Mamoswine, M|100\/100\n|move|p1a: Tangrowth|Focus Blast|p2a: Mamoswine\n|-supereffective|p2a: Mamoswine\n|-damage|p2a: Mamoswine|20\/100\n|-unboost|p2a: Mamoswine|spd|1\n|\n|-heal|p2a: Mamoswine|26\/100|[from] Grassy Terrain\n|upkeep\n|turn|23\n|\n|t:|1662881864\n|move|p2a: Mamoswine|Icicle Crash|p1a: Tangrowth|[miss]\n|-miss|p2a: Mamoswine|p1a: Tangrowth\n|move|p1a: Tangrowth|Giga Drain|p2a: Mamoswine\n|-supereffective|p2a: Mamoswine\n|-damage|p2a: Mamoswine|0 fnt\n|faint|p2a: Mamoswine\n|\n|upkeep\n|-message|iopkj09 forfeited.\n|\n|win|minimax_ai\n|raw|minimax_ai's rating: 1527 &rarr; <strong>1548<\/strong><br \/>(+21 for winning)\n|raw|iopkj09's rating: 1547 &rarr; <strong>1526<\/strong><br \/>(-21 for losing)\n|c|\u2606minimax_ai|gg\n|l|\u2606iopkj09\n","uploadtime":1662881870,"views":14,"p1id":"minimaxai","p2id":"iopkj09","formatid":"gen8ou","rating":1526,"private":0,"password":null}