{"id":"gen8ou-1649999135","p1":"LT94JE Insurgencia","p2":"return nirvana","format":"gen8ou","log":"|raw|<div class=\"broadcast-blue\"><strong>This battle is required to be public due to a player having a name starting with 'lt94je'.<\/div>\n|j|\u2606LT94JE Insurgencia\n|j|\u2606return nirvana\n|t:|1661657744\n|gametype|singles\n|player|p1|LT94JE Insurgencia|ingo|1758\n|player|p2|return nirvana|cynthia-masters2|1827\n|teamsize|p1|6\n|teamsize|p2|6\n|gen|8\n|tier|[Gen 8] OU\n|rated|\n|rule|Sleep Clause Mod: Limit one foe put to sleep\n|rule|Species Clause: Limit one of each Pok\u00e9mon\n|rule|OHKO Clause: OHKO moves are banned\n|rule|Evasion Items Clause: Evasion items are banned\n|rule|Evasion Moves Clause: Evasion moves are banned\n|rule|Endless Battle Clause: Forcing endless battles is banned\n|rule|HP Percentage Mod: HP is shown in percentages\n|rule|Dynamax Clause: You cannot dynamax\n|clearpoke\n|poke|p1|Magnezone|\n|poke|p1|Garchomp, M|\n|poke|p1|Tornadus-Therian, M|\n|poke|p1|Clefable, M|\n|poke|p1|Slowbro, F|\n|poke|p1|Melmetal|\n|poke|p2|Mew|\n|poke|p2|Weavile, M|\n|poke|p2|Celesteela|\n|poke|p2|Crawdaunt, F|\n|poke|p2|Garchomp, F|\n|poke|p2|Blacephalon|\n|teampreview\n|j| MeaslyMamo\n|c| MeaslyMamo|gl\n|\n|t:|1661657799\n|start\n|switch|p1a: Magnezone|Magnezone|100\/100\n|switch|p2a: Mew|Mew, shiny|100\/100\n|turn|1\n|\n|t:|1661657806\n|move|p2a: Mew|Will-O-Wisp|p1a: Magnezone\n|-status|p1a: Magnezone|brn\n|move|p1a: Magnezone|Discharge|p2a: Mew\n|-damage|p2a: Mew|74\/100\n|\n|-damage|p1a: Magnezone|94\/100 brn|[from] brn\n|upkeep\n|turn|2\n|\n|t:|1661657814\n|move|p2a: Mew|Spikes|p1a: Magnezone\n|-sidestart|p1: LT94JE Insurgencia|Spikes\n|move|p1a: Magnezone|Toxic||[still]\n|-status|p2a: Mew|tox\n|-activate|p2a: Mew|ability: Synchronize\n|-fail|p2a: Mew\n|\n|-heal|p1a: Magnezone|100\/100 brn|[from] item: Leftovers\n|-damage|p2a: Mew|68\/100 tox|[from] psn\n|-damage|p1a: Magnezone|94\/100 brn|[from] brn\n|upkeep\n|turn|3\n|\n|t:|1661657816\n|move|p2a: Mew|Stealth Rock|p1a: Magnezone\n|-sidestart|p1: LT94JE Insurgencia|move: Stealth Rock\n|move|p1a: Magnezone|Discharge|p2a: Mew\n|-damage|p2a: Mew|38\/100 tox\n|\n|-heal|p1a: Magnezone|100\/100 brn|[from] item: Leftovers\n|-damage|p2a: Mew|25\/100 tox|[from] psn\n|-damage|p1a: Magnezone|94\/100 brn|[from] brn\n|upkeep\n|turn|4\n|\n|t:|1661657818\n|switch|p1a: Tornadus|Tornadus-Therian, M|100\/100\n|move|p2a: Mew|Explosion|p1a: Tornadus\n|-damage|p1a: Tornadus|41\/100\n|faint|p2a: Mew\n|\n|upkeep\n|\n|t:|1661657828\n|switch|p2a: Blacephalon|Blacephalon, shiny|100\/100\n|turn|5\n|\n|t:|1661657833\n|switch|p1a: Clefable|Clefable, M|100\/100\n|move|p2a: Blacephalon|Shadow Ball|p1a: Clefable\n|-damage|p1a: Clefable|53\/100\n|\n|upkeep\n|turn|6\n|\n|t:|1661657839\n|move|p2a: Blacephalon|Shadow Ball|p1a: Clefable\n|-damage|p1a: Clefable|6\/100\n|-unboost|p1a: Clefable|spd|1\n|move|p1a: Clefable|Knock Off|p2a: Blacephalon\n|-supereffective|p2a: Blacephalon\n|-damage|p2a: Blacephalon|24\/100\n|-enditem|p2a: Blacephalon|Choice Scarf|[from] move: Knock Off|[of] p1a: Clefable\n|\n|upkeep\n|turn|7\n|l| MeaslyMamo\n|\n|t:|1661657847\n|move|p2a: Blacephalon|Flamethrower|p1a: Clefable\n|-damage|p1a: Clefable|0 fnt\n|faint|p1a: Clefable\n|-ability|p2a: Blacephalon|Beast Boost|boost\n|-boost|p2a: Blacephalon|spa|1\n|\n|upkeep\n|\n|t:|1661657848\n|switch|p1a: Tornadus|Tornadus-Therian, M|74\/100\n|turn|8\n|\n|t:|1661657853\n|move|p1a: Tornadus|Heat Wave|p2a: Blacephalon\n|-resisted|p2a: Blacephalon\n|-damage|p2a: Blacephalon|4\/100\n|move|p2a: Blacephalon|Flamethrower|p1a: Tornadus\n|-damage|p1a: Tornadus|0 fnt\n|faint|p1a: Tornadus\n|-ability|p2a: Blacephalon|Beast Boost|boost\n|-boost|p2a: Blacephalon|spa|1\n|\n|upkeep\n|c|\u2606LT94JE Insurgencia|p sad\n|c|\u2606LT94JE Insurgencia|im not knock\n|-message|LT94JE Insurgencia forfeited.\n|\n|win|return nirvana\n|raw|LT94JE Insurgencia's rating: 1758 &rarr; <strong>1742<\/strong><br \/>(-16 for losing)\n|raw|return nirvana's rating: 1827 &rarr; <strong>1843<\/strong><br \/>(+16 for winning)\n|l|\u2606LT94JE Insurgencia\n","uploadtime":1661657869,"views":80,"p1id":"lt94jeinsurgencia","p2id":"returnnirvana","formatid":"gen8ou","rating":1742,"private":0,"password":null}