{"id":"gen8ou-1371305062","p1":"LT81YL Mole","p2":"BestixL","format":"gen8ou","log":"|raw|<div class=\"broadcast-blue\"><strong>This battle is required to be public due to a player having a name starting with 'lt81yl'.<\/div>\n|j|\u203dLT81YL Mole\n|j|\u2606BestixL\n|t:|1625530023\n|gametype|singles\n|player|p1|LT81YL Mole|pokekid|1912\n|player|p2|BestixL|262|1936\n|teamsize|p1|6\n|teamsize|p2|6\n|gen|8\n|tier|[Gen 8] OU\n|rated|\n|rule|Sleep Clause Mod: Limit one foe put to sleep\n|rule|Species Clause: Limit one of each Pok\u00e9mon\n|rule|OHKO Clause: OHKO moves are banned\n|rule|Evasion Moves Clause: Evasion moves are banned\n|rule|Endless Battle Clause: Forcing endless battles is banned\n|rule|HP Percentage Mod: HP is shown in percentages\n|rule|Dynamax Clause: You cannot dynamax\n|clearpoke\n|poke|p1|Landorus-Therian, M|\n|poke|p1|Tapu Lele|\n|poke|p1|Heatran, F|\n|poke|p1|Kartana|\n|poke|p1|Rillaboom, M|\n|poke|p1|Urshifu-*, M|\n|poke|p2|Weavile, F|\n|poke|p2|Magnezone|\n|poke|p2|Landorus-Therian, M|\n|poke|p2|Kyurem|\n|poke|p2|Toxapex, M|\n|poke|p2|Corviknight, M|\n|teampreview\n|j| LT81YL Ruby\n|inactive|Battle timer is ON: inactive players will automatically lose when time's up. (requested by BestixL)\n|j| LT81YL JHONX\n|j| Okayu supremacy\n|j| Old ways new women\n|c| Okayu supremacy|Raptor ese no era de lusa?\n|j| LT81YL SW\n|j| dchanghanalaniorg\n|c|\u2606BestixL|ruby me paso teams 3\n|inactive|BestixL has 120 seconds left.\n|c|\u2606BestixL|y aqui estoy viendo si funcionan\n|j| Gkenfvhgg4\n|c|\u2606BestixL|igual este scarf kyurem\n|c|\u2606BestixL|se ve bien raro\n|l| Gkenfvhgg4\n|j| croo\n|\n|t:|1625530085\n|start\n|switch|p1a: Tapu Lele|Tapu Lele|100\/100\n|switch|p2a: Kyurem|Kyurem|100\/100\n|-fieldstart|move: Psychic Terrain|[from] ability: Psychic Surge|[of] p1a: Tapu Lele\n|-ability|p2a: Kyurem|Pressure\n|turn|1\n|c| Okayu supremacy|K asquito\n|\n|t:|1625530098\n|switch|p2a: Corviknight|Corviknight, M|100\/100\n|-ability|p2a: Corviknight|Pressure\n|move|p1a: Tapu Lele|Future Sight|p2a: Corviknight\n|-start|p1a: Tapu Lele|move: Future Sight\n|\n|upkeep\n|turn|2\n|\n|t:|1625530102\n|switch|p1a: Heatran|Heatran, F|100\/100\n|move|p2a: Corviknight|U-turn|p1a: Heatran\n|-resisted|p1a: Heatran\n|-damage|p1a: Heatran|98\/100\n|j| LT81YL LEJER\n|\n|t:|1625530110\n|switch|p2a: Landorus|Landorus-Therian, M|100\/100|[from]move: U-turn\n|-ability|p2a: Landorus|Intimidate|boost\n|-unboost|p1a: Heatran|atk|1\n|\n|-heal|p1a: Heatran|100\/100|[from] item: Leftovers\n|upkeep\n|turn|3\n|j| bear in a man suit\n|l| LT81YL SW\n|\n|t:|1625530126\n|switch|p1a: Urshifu|Urshifu-Rapid-Strike, M|100\/100\n|move|p2a: Landorus|Knock Off|p1a: Urshifu\n|-resisted|p1a: Urshifu\n|-damage|p1a: Urshifu|86\/100\n|-enditem|p1a: Urshifu|Choice Band|[from] move: Knock Off|[of] p2a: Landorus\n|\n|-end|p2a: Landorus|move: Future Sight\n|-damage|p2a: Landorus|24\/100\n|-heal|p2a: Landorus|30\/100|[from] item: Leftovers\n|upkeep\n|turn|4\n|\n|t:|1625530131\n|switch|p2a: Toxapex|Toxapex, M|100\/100\n|move|p1a: Urshifu|U-turn|p2a: Toxapex\n|-resisted|p2a: Toxapex\n|-damage|p2a: Toxapex|92\/100\n|-enditem|p2a: Toxapex|Eject Button\n|j| H.M.N.I.P\n|\n|t:|1625530134\n|switch|p2a: Kyurem|Kyurem|100\/100\n|-ability|p2a: Kyurem|Pressure\n|\n|upkeep\n|turn|5\n|j| LT81YL TheLight\n|c| LT81YL Ruby|in\n|\n|t:|1625530149\n|move|p1a: Urshifu|Close Combat|p2a: Kyurem\n|-supereffective|p2a: Kyurem\n|-damage|p2a: Kyurem|0 fnt\n|-unboost|p1a: Urshifu|def|1\n|-unboost|p1a: Urshifu|spd|1\n|faint|p2a: Kyurem\n|\n|-fieldend|move: Psychic Terrain\n|upkeep\n|j| regnite \u25d5\u203f\u25d5\n|c| LT81YL Ruby|LOL\n|c|\u2606BestixL|no cuela\n|c| H.M.N.I.P|Sacked\n|j| LT81YL HY\n|\n|t:|1625530164\n|switch|p2a: Corviknight|Corviknight, M|100\/100\n|-ability|p2a: Corviknight|Pressure\n|turn|6\n|j| i lik9 cats\n|l| i lik9 cats\n|\n|t:|1625530176\n|switch|p1a: Heatran|Heatran, F|100\/100\n|move|p2a: Corviknight|U-turn|p1a: Heatran\n|-resisted|p1a: Heatran\n|-damage|p1a: Heatran|98\/100\n|\n|t:|1625530186\n|switch|p2a: Magnezone|Magnezone|100\/100|[from]move: U-turn\n|\n|-heal|p1a: Heatran|100\/100|[from] item: Leftovers\n|upkeep\n|turn|7\n|\n|t:|1625530189\n|move|p2a: Magnezone|Volt Switch|p1a: Heatran\n|-damage|p1a: Heatran|64\/100\n|\n|t:|1625530193\n|switch|p2a: Landorus|Landorus-Therian, M|30\/100|[from]move: Volt Switch\n|-ability|p2a: Landorus|Intimidate|boost\n|-unboost|p1a: Heatran|atk|1\n|move|p1a: Heatran|Stealth Rock|p2a: Landorus\n|-sidestart|p2: BestixL|move: Stealth Rock\n|\n|-heal|p1a: Heatran|70\/100|[from] item: Leftovers\n|-heal|p2a: Landorus|36\/100|[from] item: Leftovers\n|upkeep\n|turn|8\n|j| I Need Nothing\n|\n|t:|1625530198\n|switch|p1a: Rillaboom|Rillaboom, M|100\/100\n|-fieldstart|move: Grassy Terrain|[from] ability: Grassy Surge|[of] p1a: Rillaboom\n|move|p2a: Landorus|Defog|p1a: Rillaboom\n|-unboost|p1a: Rillaboom|evasion|1\n|-sideend|p2: BestixL|Stealth Rock|[from] move: Defog|[of] p2a: Landorus\n|-fieldend|move: Grassy Terrain\n|\n|-heal|p2a: Landorus|42\/100|[from] item: Leftovers\n|upkeep\n|turn|9\n|j| jmoore15\n|\n|t:|1625530209\n|move|p1a: Rillaboom|Swords Dance|p1a: Rillaboom\n|-boost|p1a: Rillaboom|atk|2\n|move|p2a: Landorus|U-turn|p1a: Rillaboom\n|-supereffective|p1a: Rillaboom\n|-crit|p1a: Rillaboom\n|-damage|p1a: Rillaboom|29\/100\n|j| piled\n|j| LT81YL EMPIR3\n|\n|t:|1625530215\n|switch|p2a: Weavile|Weavile, F|100\/100|[from]move: U-turn\n|-ability|p2a: Weavile|Pressure\n|\n|upkeep\n|turn|10\n|j| mcp3\n|j| LT81YL SW\n|j| lt81yl spooky\n|j| deansolomid\n|l| LT81YL EMPIR3\n|\n|t:|1625530223\n|switch|p1a: Urshifu|Urshifu-Rapid-Strike, M|86\/100\n|move|p2a: Weavile|Knock Off|p1a: Urshifu\n|-resisted|p1a: Urshifu\n|-damage|p1a: Urshifu|67\/100\n|\n|upkeep\n|turn|11\n|\n|t:|1625530232\n|switch|p2a: Corviknight|Corviknight, M|100\/100\n|-ability|p2a: Corviknight|Pressure\n|move|p1a: Urshifu|U-turn|p2a: Corviknight\n|-resisted|p2a: Corviknight\n|-damage|p2a: Corviknight|97\/100\n|-damage|p1a: Urshifu|51\/100|[from] item: Rocky Helmet|[of] p2a: Corviknight\n|j| BiccEmmanuel\n|\n|t:|1625530236\n|switch|p1a: Heatran|Heatran, F|70\/100|[from]move: U-turn\n|\n|-heal|p1a: Heatran|76\/100|[from] item: Leftovers\n|upkeep\n|turn|12\n|\n|t:|1625530242\n|switch|p2a: Toxapex|Toxapex, M|100\/100\n|move|p1a: Heatran|Stealth Rock|p2a: Toxapex\n|-sidestart|p2: BestixL|move: Stealth Rock\n|\n|-heal|p1a: Heatran|83\/100|[from] item: Leftovers\n|upkeep\n|turn|13\n|\n|t:|1625530249\n|move|p1a: Heatran|Magma Storm|p2a: Toxapex\n|-resisted|p2a: Toxapex\n|-damage|p2a: Toxapex|85\/100\n|-activate|p2a: Toxapex|move: Magma Storm|[of] p1a: Heatran\n|move|p2a: Toxapex|Knock Off|p1a: Heatran\n|-damage|p1a: Heatran|70\/100\n|-enditem|p1a: Heatran|Leftovers|[from] move: Knock Off|[of] p2a: Toxapex\n|\n|-damage|p2a: Toxapex|72\/100|[from] move: Magma Storm|[partiallytrapped]\n|upkeep\n|turn|14\n|\n|t:|1625530254\n|move|p1a: Heatran|Earth Power|p2a: Toxapex\n|-supereffective|p2a: Toxapex\n|-damage|p2a: Toxapex|37\/100\n|move|p2a: Toxapex|Recover|p2a: Toxapex\n|-heal|p2a: Toxapex|87\/100\n|\n|-damage|p2a: Toxapex|74\/100|[from] move: Magma Storm|[partiallytrapped]\n|upkeep\n|turn|15\n|\n|t:|1625530256\n|move|p1a: Heatran|Taunt|p2a: Toxapex\n|-start|p2a: Toxapex|move: Taunt\n|cant|p2a: Toxapex|move: Taunt|Recover\n|\n|-damage|p2a: Toxapex|62\/100|[from] move: Magma Storm|[partiallytrapped]\n|upkeep\n|turn|16\n|\n|t:|1625530258\n|move|p1a: Heatran|Earth Power|p2a: Toxapex\n|-supereffective|p2a: Toxapex\n|-damage|p2a: Toxapex|29\/100\n|move|p2a: Toxapex|Knock Off|p1a: Heatran\n|-damage|p1a: Heatran|61\/100\n|\n|-damage|p2a: Toxapex|16\/100|[from] move: Magma Storm|[partiallytrapped]\n|upkeep\n|turn|17\n|\n|t:|1625530261\n|move|p1a: Heatran|Earth Power|p2a: Toxapex\n|-supereffective|p2a: Toxapex\n|-damage|p2a: Toxapex|0 fnt\n|faint|p2a: Toxapex\n|\n|upkeep\n|j| august\n|c| LT81YL Ruby|u can play shed shell\n|c| LT81YL Ruby|k\n|\n|t:|1625530269\n|switch|p2a: Magnezone|Magnezone|100\/100\n|-damage|p2a: Magnezone|94\/100|[from] Stealth Rock\n|turn|18\n|c|\u2606BestixL|kek\n|c|\u2606BestixL|nah\n|c| LT81YL Ruby|fuck ss ou\n|\n|t:|1625530285\n|move|p2a: Magnezone|Volt Switch|p1a: Heatran\n|-damage|p1a: Heatran|21\/100\n|\n|t:|1625530288\n|switch|p2a: Landorus|Landorus-Therian, M|42\/100|[from]move: Volt Switch\n|-damage|p2a: Landorus|29\/100|[from] Stealth Rock\n|-ability|p2a: Landorus|Intimidate|boost\n|-unboost|p1a: Heatran|atk|1\n|move|p1a: Heatran|Magma Storm|p2a: Landorus\n|-damage|p2a: Landorus|0 fnt\n|faint|p2a: Landorus\n|\n|upkeep\n|\n|t:|1625530290\n|switch|p2a: Magnezone|Magnezone|94\/100\n|-damage|p2a: Magnezone|88\/100|[from] Stealth Rock\n|turn|19\n|c| jmoore15|watch the languge\n|c| H.M.N.I.P|Nah he's right\n|\n|t:|1625530308\n|move|p2a: Magnezone|Volt Switch|p1a: Heatran\n|-damage|p1a: Heatran|0 fnt\n|faint|p1a: Heatran\n|c| august|mini mod\n|n| HYper|lt81ylhy\n|c| H.M.N.I.P|This meta is trash as fuck\n|\n|t:|1625530312\n|switch|p2a: Corviknight|Corviknight, M|97\/100|[from]move: Volt Switch\n|-damage|p2a: Corviknight|85\/100|[from] Stealth Rock\n|-ability|p2a: Corviknight|Pressure\n|\n|upkeep\n|c| I Need Nothing|corvikinght sweep\n|c| lt81yl spooky|facts\n|c| LT81YL Ruby|thanks pietro\n|\n|t:|1625530321\n|switch|p1a: Kartana|Kartana|100\/100\n|turn|20\n|c| H.M.N.I.P|Yeah np\n|c| jmoore15|language pls everyone\n|\n|t:|1625530329\n|move|p1a: Kartana|Knock Off|p2a: Corviknight\n|-damage|p2a: Corviknight|44\/100\n|-damage|p1a: Kartana|84\/100|[from] item: Rocky Helmet|[of] p2a: Corviknight\n|-enditem|p2a: Corviknight|Rocky Helmet|[from] move: Knock Off|[of] p1a: Kartana\n|move|p2a: Corviknight|Body Press|p1a: Kartana\n|-supereffective|p1a: Kartana\n|-damage|p1a: Kartana|33\/100\n|\n|upkeep\n|turn|21\n|\n|t:|1625530336\n|switch|p1a: Urshifu|Urshifu-Rapid-Strike, M|51\/100\n|move|p2a: Corviknight|Roost|p2a: Corviknight\n|-heal|p2a: Corviknight|94\/100\n|-singleturn|p2a: Corviknight|move: Roost\n|\n|upkeep\n|turn|22\n|c| LT81YL Ruby|Im pretty sure SW can said the same thing\n|\n|t:|1625530341\n|move|p1a: Urshifu|Surging Strikes|p2a: Corviknight\n|-crit|p2a: Corviknight\n|-damage|p2a: Corviknight|80\/100\n|-crit|p2a: Corviknight\n|-damage|p2a: Corviknight|68\/100\n|-crit|p2a: Corviknight\n|-damage|p2a: Corviknight|54\/100\n|-hitcount|p2a: Corviknight|3\n|move|p2a: Corviknight|Roost|p2a: Corviknight\n|-heal|p2a: Corviknight|100\/100\n|-singleturn|p2a: Corviknight|move: Roost\n|\n|upkeep\n|turn|23\n|j| aeeaeeeaaa\n|\n|t:|1625530345\n|move|p1a: Urshifu|Surging Strikes|p2a: Corviknight\n|-crit|p2a: Corviknight\n|-damage|p2a: Corviknight|89\/100\n|-crit|p2a: Corviknight\n|-damage|p2a: Corviknight|76\/100\n|-crit|p2a: Corviknight\n|-damage|p2a: Corviknight|65\/100\n|-hitcount|p2a: Corviknight|3\n|move|p2a: Corviknight|Defog|p1a: Urshifu\n|-unboost|p1a: Urshifu|evasion|1\n|-sideend|p2: BestixL|Stealth Rock|[from] move: Defog|[of] p2a: Corviknight\n|\n|upkeep\n|turn|24\n|l| LT81YL TheLight\n|\n|t:|1625530349\n|move|p1a: Urshifu|Surging Strikes|p2a: Corviknight\n|-crit|p2a: Corviknight\n|-damage|p2a: Corviknight|52\/100\n|-crit|p2a: Corviknight\n|-damage|p2a: Corviknight|40\/100\n|-crit|p2a: Corviknight\n|-damage|p2a: Corviknight|28\/100\n|-hitcount|p2a: Corviknight|3\n|move|p2a: Corviknight|Roost|p2a: Corviknight\n|-heal|p2a: Corviknight|78\/100\n|-singleturn|p2a: Corviknight|move: Roost\n|\n|upkeep\n|turn|25\n|c| LT81YL Ruby|he got bullshit since 3years ago LOL\n|\n|t:|1625530354\n|move|p1a: Urshifu|Surging Strikes|p2a: Corviknight\n|-crit|p2a: Corviknight\n|-damage|p2a: Corviknight|66\/100\n|-crit|p2a: Corviknight\n|-damage|p2a: Corviknight|53\/100\n|-crit|p2a: Corviknight\n|-damage|p2a: Corviknight|41\/100\n|-hitcount|p2a: Corviknight|3\n|move|p2a: Corviknight|Roost|p2a: Corviknight\n|-heal|p2a: Corviknight|91\/100\n|-singleturn|p2a: Corviknight|move: Roost\n|\n|upkeep\n|turn|26\n|c| H.M.N.I.P|jmoore15 how do you call a man without a body and a nose?\n|c| LT81YL Ruby|days\n|\n|t:|1625530358\n|move|p1a: Urshifu|Close Combat|p2a: Corviknight\n|-damage|p2a: Corviknight|51\/100\n|-unboost|p1a: Urshifu|def|1\n|-unboost|p1a: Urshifu|spd|1\n|move|p2a: Corviknight|Roost|p2a: Corviknight\n|-heal|p2a: Corviknight|100\/100\n|-singleturn|p2a: Corviknight|move: Roost\n|\n|upkeep\n|turn|27\n|c| LT81YL Ruby|*\n|\n|t:|1625530362\n|move|p1a: Urshifu|Close Combat|p2a: Corviknight\n|-damage|p2a: Corviknight|66\/100\n|-unboost|p1a: Urshifu|def|1\n|-unboost|p1a: Urshifu|spd|1\n|move|p2a: Corviknight|Roost|p2a: Corviknight\n|-heal|p2a: Corviknight|100\/100\n|-singleturn|p2a: Corviknight|move: Roost\n|\n|upkeep\n|turn|28\n|\n|t:|1625530366\n|move|p1a: Urshifu|Close Combat|p2a: Corviknight\n|-damage|p2a: Corviknight|65\/100\n|-unboost|p1a: Urshifu|def|1\n|-unboost|p1a: Urshifu|spd|1\n|move|p2a: Corviknight|U-turn|p1a: Urshifu\n|-resisted|p1a: Urshifu\n|-crit|p1a: Urshifu\n|-damage|p1a: Urshifu|26\/100\n|\n|t:|1625530375\n|switch|p2a: Magnezone|Magnezone|88\/100|[from]move: U-turn\n|\n|upkeep\n|turn|29\n|\n|t:|1625530386\n|move|p1a: Urshifu|U-turn|p2a: Magnezone\n|-resisted|p2a: Magnezone\n|-damage|p2a: Magnezone|76\/100\n|\n|t:|1625530389\n|switch|p1a: Landorus|Landorus-Therian, M|100\/100|[from]move: U-turn\n|-ability|p1a: Landorus|Intimidate|boost\n|-unboost|p2a: Magnezone|atk|1\n|move|p2a: Magnezone|Flash Cannon|p1a: Landorus\n|-damage|p1a: Landorus|46\/100\n|\n|-heal|p1a: Landorus|52\/100|[from] item: Leftovers\n|upkeep\n|turn|30\n|\n|t:|1625530396\n|move|p2a: Magnezone|Flash Cannon|p1a: Landorus\n|-damage|p1a: Landorus|0 fnt\n|faint|p1a: Landorus\n|\n|upkeep\n|\n|t:|1625530401\n|switch|p1a: Kartana|Kartana|33\/100\n|turn|31\n|c|\u2606BestixL|!calc\n|c| BestixL|\/raw <div class=\"infobox\">Pok&eacute;mon Showdown! damage calculator. (Courtesy of Honko &amp; Austin)<br \/>- <a href=\"https:\/\/calc.pokemonshowdown.com\/index.html\">Damage Calculator<\/a><\/div>\n|c| jmoore15|thank you for listening\n|inactive|BestixL has 120 seconds left.\n|j| hypervortexreturns\n|j| rime789\n|l| august\n|inactive|BestixL has 90 seconds left.\n|\n|t:|1625530474\n|move|p1a: Kartana|Sacred Sword|p2a: Magnezone\n|-supereffective|p2a: Magnezone\n|-damage|p2a: Magnezone|0 fnt\n|faint|p2a: Magnezone\n|-ability|p1a: Kartana|Beast Boost|boost\n|-boost|p1a: Kartana|atk|1\n|\n|upkeep\n|\n|t:|1625530477\n|switch|p2a: Weavile|Weavile, F|100\/100\n|-ability|p2a: Weavile|Pressure\n|turn|32\n|inactive|BestixL has 90 seconds left.\n|\n|t:|1625530484\n|switch|p1a: Urshifu|Urshifu-Rapid-Strike, M|26\/100\n|move|p2a: Weavile|Knock Off|p1a: Urshifu\n|-resisted|p1a: Urshifu\n|-damage|p1a: Urshifu|9\/100\n|\n|upkeep\n|turn|33\n|\n|t:|1625530490\n|move|p2a: Weavile|Knock Off|p1a: Urshifu\n|-resisted|p1a: Urshifu\n|-damage|p1a: Urshifu|0 fnt\n|faint|p1a: Urshifu\n|\n|upkeep\n|\n|t:|1625530502\n|switch|p1a: Tapu Lele|Tapu Lele|100\/100\n|-fieldstart|move: Psychic Terrain|[from] ability: Psychic Surge|[of] p1a: Tapu Lele\n|turn|34\n|inactive|BestixL has 90 seconds left.\n|\n|t:|1625530525\n|move|p1a: Tapu Lele|Focus Blast|p2a: Weavile|[miss]\n|-miss|p1a: Tapu Lele|p2a: Weavile\n|move|p2a: Weavile|Knock Off|p1a: Tapu Lele\n|-crit|p1a: Tapu Lele\n|-damage|p1a: Tapu Lele|0 fnt\n|-enditem|p1a: Tapu Lele|Choice Scarf|[from] move: Knock Off|[of] p2a: Weavile\n|faint|p1a: Tapu Lele\n|\n|upkeep\n|\n|t:|1625530529\n|switch|p1a: Rillaboom|Rillaboom, M|29\/100\n|-fieldstart|move: Grassy Terrain|[from] ability: Grassy Surge|[of] p1a: Rillaboom\n|turn|35\n|c| bear in a man suit|based\n|c| piled|OMG\n|\n|t:|1625530533\n|move|p2a: Weavile|Ice Shard|p1a: Rillaboom\n|-supereffective|p1a: Rillaboom\n|-damage|p1a: Rillaboom|0 fnt\n|faint|p1a: Rillaboom\n|\n|upkeep\n|c| I Need Nothing|strategy\n|c| LT81YL Ruby|lol\n|c|\u2606BestixL|gg\n|-message|LT81YL Mole forfeited.\n|\n|win|BestixL\n|raw|LT81YL Mole's rating: 1912 &rarr; <strong>1893<\/strong><br \/>(-19 for losing)\n|raw|BestixL's rating: 1936 &rarr; <strong>1955<\/strong><br \/>(+19 for winning)\n|l|\u203dLT81YL Mole\n|c| LT81YL Ruby|fsight scarf lele\n|c| bear in a man suit|dodge into knock\n|c| bear in a man suit|actual god\n|l| LT81YL SW\n|l| jmoore15\n|l| mcp3\n|l| LT81YL Ruby\n|l| bear in a man suit\n|l| Old ways new women\n|l| I Need Nothing\n|j| LT81YL Empo\n|l| aeeaeeeaaa\n|l| LT81YL JHONX\n|l| HYper\n|j| LT81YL Shuckle\n|l| Okayu supremacy\n|l| LT81YL Shuckle\n|l|\u2606BestixL\n|l| piled\n|l| regnite \u25d5\u203f\u25d5\n|l| rime789\n|l| lt81yl spooky\n|j| LT81YL JHONX\n|j| Gkenfvhgg4\n|l| deansolomid\n|l| dchanghanalaniorg\n|l| LT81YL LEJER\n|l| LT81YL Empo\n|l| croo\n|l| hypervortexreturns\n","uploadtime":1625530759,"views":64,"p1id":"lt81ylmole","p2id":"bestixl","formatid":"gen8ou","rating":1893,"private":0,"password":null}