{"id":"gen8ou-1633955041","p1":"LT92PF nagoL","p2":"d18l","format":"gen8ou","log":"|j|\u2606LT92PF nagoL\n|j|\u2606d18l\n|t:|1659837842\n|gametype|singles\n|player|p1|LT92PF nagoL|lisia|1550\n|player|p2|d18l|backpacker|1596\n|teamsize|p1|6\n|teamsize|p2|6\n|gen|8\n|tier|[Gen 8] OU\n|rated|\n|rule|Sleep Clause Mod: Limit one foe put to sleep\n|rule|Species Clause: Limit one of each Pok\u00e9mon\n|rule|OHKO Clause: OHKO moves are banned\n|rule|Evasion Items Clause: Evasion items are banned\n|rule|Evasion Moves Clause: Evasion moves are banned\n|rule|Endless Battle Clause: Forcing endless battles is banned\n|rule|HP Percentage Mod: HP is shown in percentages\n|rule|Dynamax Clause: You cannot dynamax\n|clearpoke\n|poke|p1|Crawdaunt, M|\n|poke|p1|Mew|\n|poke|p1|Blacephalon|\n|poke|p1|Rillaboom, M|\n|poke|p1|Cloyster, M|\n|poke|p1|Bisharp, F|\n|poke|p2|Tapu Koko|\n|poke|p2|Victini|\n|poke|p2|Landorus-Therian, M|\n|poke|p2|Tornadus-Therian, M|\n|poke|p2|Rotom-Wash|\n|poke|p2|Ferrothorn, F|\n|teampreview\n|inactive|Battle timer is ON: inactive players will automatically lose when time's up. (requested by LT92PF nagoL)\n|j| georgiethefirst\n|j| Hestia13\n|inactive|d18l has 120 seconds left.\n|\n|t:|1659837904\n|start\n|switch|p1a: Mew|Mew|100\/100\n|switch|p2a: Tapu Koko|Tapu Koko|100\/100\n|-fieldstart|move: Electric Terrain|[from] ability: Electric Surge|[of] p2a: Tapu Koko\n|turn|1\n|l| Hestia13\n|\n|t:|1659837915\n|move|p2a: Tapu Koko|Thunderbolt|p1a: Mew\n|-damage|p1a: Mew|46\/100\n|move|p1a: Mew|Stealth Rock|p2a: Tapu Koko\n|-sidestart|p2: d18l|move: Stealth Rock\n|\n|upkeep\n|turn|2\n|inactive|LT92PF nagoL has 120 seconds left.\n|\n|t:|1659837953\n|switch|p1a: Rillaboom|Rillaboom, M|100\/100\n|-fieldstart|move: Grassy Terrain|[from] ability: Grassy Surge|[of] p1a: Rillaboom\n|move|p2a: Tapu Koko|Thunderbolt|p1a: Rillaboom\n|-resisted|p1a: Rillaboom\n|-damage|p1a: Rillaboom|60\/100\n|\n|-heal|p1a: Rillaboom|66\/100|[from] Grassy Terrain\n|upkeep\n|turn|3\n|inactive|LT92PF nagoL has 120 seconds left.\n|inactive|d18l has 120 seconds left.\n|\n|t:|1659838008\n|switch|p2a: Landorus|Landorus-Therian, M|100\/100\n|-damage|p2a: Landorus|88\/100|[from] Stealth Rock\n|-ability|p2a: Landorus|Intimidate|boost\n|-unboost|p1a: Rillaboom|atk|1\n|move|p1a: Rillaboom|Knock Off|p2a: Landorus\n|-damage|p2a: Landorus|59\/100\n|-enditem|p2a: Landorus|Leftovers|[from] move: Knock Off|[of] p1a: Rillaboom\n|-damage|p1a: Rillaboom|57\/100|[from] item: Life Orb\n|\n|-heal|p1a: Rillaboom|63\/100|[from] Grassy Terrain\n|upkeep\n|turn|4\n|inactive|d18l has 90 seconds left.\n|inactive|LT92PF nagoL has 90 seconds left.\n|\n|t:|1659838060\n|move|p1a: Rillaboom|Grassy Glide|p2a: Landorus\n|-damage|p2a: Landorus|18\/100\n|-damage|p1a: Rillaboom|53\/100|[from] item: Life Orb\n|move|p2a: Landorus|Defog|p1a: Rillaboom\n|-unboost|p1a: Rillaboom|evasion|1\n|-sideend|p2: d18l|Stealth Rock|[from] move: Defog|[of] p2a: Landorus\n|-fieldend|move: Grassy Terrain\n|\n|upkeep\n|turn|5\n|inactive|d18l has 90 seconds left.\n|inactive|LT92PF nagoL has 60 seconds left.\n|inactive|d18l has 60 seconds left.\n|\n|t:|1659838107\n|move|p1a: Rillaboom|Knock Off|p2a: Landorus\n|-damage|p2a: Landorus|0 fnt\n|faint|p2a: Landorus\n|-damage|p1a: Rillaboom|43\/100|[from] item: Life Orb\n|\n|upkeep\n|\n|t:|1659838116\n|switch|p2a: Victini|Victini|100\/100\n|turn|6\n|\n|t:|1659838128\n|move|p2a: Victini|U-turn|p1a: Rillaboom\n|-supereffective|p1a: Rillaboom\n|-crit|p1a: Rillaboom\n|-damage|p1a: Rillaboom|0 fnt\n|faint|p1a: Rillaboom\n|\n|t:|1659838132\n|switch|p2a: Tapu Koko|Tapu Koko|100\/100|[from]move: U-turn\n|-fieldstart|move: Electric Terrain|[from] ability: Electric Surge|[of] p2a: Tapu Koko\n|\n|upkeep\n|inactive|LT92PF nagoL has 60 seconds left.\n|inactive|LT92PF nagoL has 30 seconds left.\n|\n|t:|1659838181\n|switch|p1a: Crawdaunt|Crawdaunt, M|100\/100\n|turn|7\n|inactive|d18l has 60 seconds left.\n|\n|t:|1659838227\n|move|p1a: Crawdaunt|Aqua Jet|p2a: Tapu Koko\n|-crit|p2a: Tapu Koko\n|-damage|p2a: Tapu Koko|18\/100\n|-damage|p1a: Crawdaunt|91\/100|[from] item: Life Orb\n|move|p2a: Tapu Koko|Volt Switch|p1a: Crawdaunt\n|-supereffective|p1a: Crawdaunt\n|-damage|p1a: Crawdaunt|0 fnt\n|faint|p1a: Crawdaunt\n|\n|t:|1659838238\n|switch|p2a: Victini|Victini|100\/100|[from]move: Volt Switch\n|\n|upkeep\n|inactive|LT92PF nagoL has 30 seconds left.\n|inactive|LT92PF nagoL has 20 seconds left.\n|inactiveoff|Battle timer is now OFF.\n|inactive|Battle timer is ON: inactive players will automatically lose when time's up. (requested by d18l)\n|inactive|LT92PF nagoL has 25 seconds left this turn.\n|\n|t:|1659838275\n|switch|p1a: Blacephalon|Blacephalon|100\/100\n|turn|8\n|inactive|LT92PF nagoL has 30 seconds left.\n|\n|t:|1659838285\n|switch|p2a: Tornadus|Tornadus-Therian, M|100\/100\n|move|p1a: Blacephalon|Shadow Ball|p2a: Tornadus\n|-damage|p2a: Tornadus|69\/100\n|\n|upkeep\n|turn|9\n|inactive|LT92PF nagoL has 30 seconds left.\n|inactive|d18l has 60 seconds left.\n|\n|t:|1659838304\n|switch|p1a: Bisharp|Bisharp, F|100\/100\n|move|p2a: Tornadus|Knock Off|p1a: Bisharp\n|-resisted|p1a: Bisharp\n|-damage|p1a: Bisharp|87\/100\n|-enditem|p1a: Bisharp|Life Orb|[from] move: Knock Off|[of] p2a: Tornadus\n|\n|upkeep\n|turn|10\n|inactive|LT92PF nagoL has 30 seconds left.\n|\n|t:|1659838318\n|switch|p2a: Ferrothorn|Ferrothorn, F|100\/100\n|move|p1a: Bisharp|Knock Off|p2a: Ferrothorn\n|-damage|p2a: Ferrothorn|73\/100\n|-damage|p1a: Bisharp|75\/100|[from] ability: Iron Barbs|[of] p2a: Ferrothorn\n|-damage|p1a: Bisharp|58\/100|[from] item: Rocky Helmet|[of] p2a: Ferrothorn\n|-enditem|p2a: Ferrothorn|Rocky Helmet|[from] move: Knock Off|[of] p1a: Bisharp\n|\n|-fieldend|move: Electric Terrain\n|upkeep\n|turn|11\n|\n|t:|1659838327\n|switch|p1a: Mew|Mew|46\/100\n|move|p2a: Ferrothorn|Stealth Rock|p1a: Mew\n|-sidestart|p1: LT92PF nagoL|move: Stealth Rock\n|\n|upkeep\n|turn|12\n|inactive|d18l has 60 seconds left.\n|\n|t:|1659838334\n|switch|p2a: Tapu Koko|Tapu Koko|18\/100\n|-fieldstart|move: Electric Terrain|[from] ability: Electric Surge|[of] p2a: Tapu Koko\n|move|p1a: Mew|Stealth Rock|p2a: Tapu Koko\n|-sidestart|p2: d18l|move: Stealth Rock\n|\n|upkeep\n|turn|13\n|\n|t:|1659838349\n|move|p2a: Tapu Koko|Thunderbolt|p1a: Mew\n|-damage|p1a: Mew|0 fnt\n|faint|p1a: Mew\n|\n|upkeep\n|\n|t:|1659838364\n|switch|p1a: Blacephalon|Blacephalon|100\/100\n|-damage|p1a: Blacephalon|76\/100|[from] Stealth Rock\n|turn|14\n|inactive|d18l has 60 seconds left.\n|\n|t:|1659838397\n|move|p1a: Blacephalon|Shadow Ball|p2a: Tapu Koko\n|-damage|p2a: Tapu Koko|0 fnt\n|faint|p2a: Tapu Koko\n|-ability|p1a: Blacephalon|Beast Boost|boost\n|-boost|p1a: Blacephalon|spa|1\n|\n|upkeep\n|\n|t:|1659838399\n|switch|p2a: Tornadus|Tornadus-Therian, M|100\/100\n|-damage|p2a: Tornadus|76\/100|[from] Stealth Rock\n|turn|15\n|inactive|LT92PF nagoL has 30 seconds left.\n|inactive|LT92PF nagoL has 20 seconds left.\n|\n|t:|1659838438\n|move|p1a: Blacephalon|Shadow Ball|p2a: Tornadus\n|-damage|p2a: Tornadus|31\/100\n|move|p2a: Tornadus|Knock Off|p1a: Blacephalon\n|-supereffective|p1a: Blacephalon\n|-damage|p1a: Blacephalon|0 fnt\n|-enditem|p1a: Blacephalon|Choice Scarf|[from] move: Knock Off|[of] p2a: Tornadus\n|faint|p1a: Blacephalon\n|\n|upkeep\n|inactive|LT92PF nagoL has 25 seconds left this turn.\n|inactive|LT92PF nagoL has 20 seconds left.\n|\n|t:|1659838444\n|switch|p1a: Cloyster|Cloyster, M|100\/100\n|-damage|p1a: Cloyster|76\/100|[from] Stealth Rock\n|turn|16\n|inactive|LT92PF nagoL has 30 seconds left this turn.\n|inactive|LT92PF nagoL has 20 seconds left.\n|inactive|d18l has 60 seconds left.\n|\n|t:|1659838481\n|move|p1a: Cloyster|Ice Shard|p2a: Tornadus\n|-supereffective|p2a: Tornadus\n|-damage|p2a: Tornadus|0 fnt\n|faint|p2a: Tornadus\n|\n|-fieldend|move: Electric Terrain\n|upkeep\n|inactive|LT92PF nagoL has 25 seconds left this turn.\n|\n|t:|1659838491\n|switch|p2a: Rotom|Rotom-Wash|100\/100\n|-damage|p2a: Rotom|88\/100|[from] Stealth Rock\n|turn|17\n|inactive|LT92PF nagoL has 30 seconds left.\n|\n|t:|1659838501\n|move|p1a: Cloyster|Explosion|p2a: Rotom\n|-enditem|p1a: Cloyster|Normal Gem|[from] gem\n|-damage|p2a: Rotom|2\/100\n|faint|p1a: Cloyster\n|move|p2a: Rotom|Volt Switch|p1: Cloyster|[notarget]\n|-fail|p2a: Rotom\n|\n|upkeep\n|inactive|LT92PF nagoL has 30 seconds left.\n|\n|t:|1659838508\n|switch|p1a: Bisharp|Bisharp, F|58\/100\n|-damage|p1a: Bisharp|53\/100|[from] Stealth Rock\n|turn|18\n|\n|t:|1659838515\n|move|p1a: Bisharp|Knock Off|p2a: Rotom\n|-damage|p2a: Rotom|0 fnt\n|-damage|p1a: Bisharp|36\/100|[from] item: Rocky Helmet|[of] p2a: Rotom\n|-enditem|p2a: Rotom|Rocky Helmet|[from] move: Knock Off|[of] p1a: Bisharp\n|faint|p2a: Rotom\n|\n|upkeep\n|\n|t:|1659838518\n|switch|p2a: Ferrothorn|Ferrothorn, F|73\/100\n|-damage|p2a: Ferrothorn|67\/100|[from] Stealth Rock\n|turn|19\n|\n|t:|1659838534\n|move|p1a: Bisharp|Swords Dance|p1a: Bisharp\n|-boost|p1a: Bisharp|atk|2\n|move|p2a: Ferrothorn|Body Press|p1a: Bisharp\n|-supereffective|p1a: Bisharp\n|-damage|p1a: Bisharp|0 fnt\n|faint|p1a: Bisharp\n|\n|win|d18l\n|raw|LT92PF nagoL's rating: 1550 &rarr; <strong>1533<\/strong><br \/>(-17 for losing)\n|raw|d18l's rating: 1596 &rarr; <strong>1613<\/strong><br \/>(+17 for winning)\n|l|\u2606LT92PF nagoL\n||Ladder isn't responding, score probably updated but might not have (Request timeout).\n","uploadtime":1659838538,"views":29,"p1id":"lt92pfnagol","p2id":"d18l","formatid":"gen8ou","rating":1533,"private":0,"password":null}