{"id":"gen8ou-1648696522","p1":"LT94JE DS","p2":"bramitoboy","format":"gen8ou","log":"|raw|<div class=\"broadcast-blue\"><strong>This battle is required to be public due to a player having a name starting with 'lt94je'.<\/div>\n|j|\u2606LT94JE DS\n|j|\u2606bramitoboy\n|t:|1661518548\n|gametype|singles\n|player|p1|LT94JE DS|lucas|1803\n|player|p2|bramitoboy|1|1987\n|teamsize|p1|6\n|teamsize|p2|6\n|gen|8\n|tier|[Gen 8] OU\n|rated|\n|rule|Sleep Clause Mod: Limit one foe put to sleep\n|rule|Species Clause: Limit one of each Pok\u00e9mon\n|rule|OHKO Clause: OHKO moves are banned\n|rule|Evasion Items Clause: Evasion items are banned\n|rule|Evasion Moves Clause: Evasion moves are banned\n|rule|Endless Battle Clause: Forcing endless battles is banned\n|rule|HP Percentage Mod: HP is shown in percentages\n|rule|Dynamax Clause: You cannot dynamax\n|clearpoke\n|poke|p1|Dragapult, F|\n|poke|p1|Tapu Fini|\n|poke|p1|Blacephalon|\n|poke|p1|Tapu Lele|\n|poke|p1|Landorus-Therian, M|\n|poke|p1|Melmetal|\n|poke|p2|Zarude-Dada|\n|poke|p2|Keldeo-Resolute|\n|poke|p2|Tapu Lele|\n|poke|p2|Tapu Koko|\n|poke|p2|Heatran, M|\n|poke|p2|Landorus-Therian, M|\n|teampreview\n|inactive|Battle timer is ON: inactive players will automatically lose when time's up. (requested by bramitoboy)\n|\n|t:|1661518564\n|start\n|switch|p1a: Tapu Fini|Tapu Fini|100\/100\n|switch|p2a: Tapu Lele|Tapu Lele|100\/100\n|-fieldstart|move: Psychic Terrain|[from] ability: Psychic Surge|[of] p2a: Tapu Lele\n|-fieldstart|move: Misty Terrain|[from] ability: Misty Surge|[of] p1a: Tapu Fini\n|turn|1\n|\n|t:|1661518569\n|move|p2a: Tapu Lele|Thunderbolt|p1a: Tapu Fini\n|-supereffective|p1a: Tapu Fini\n|-damage|p1a: Tapu Fini|45\/100\n|move|p1a: Tapu Fini|Nature's Madness|p2a: Tapu Lele|[miss]\n|-miss|p1a: Tapu Fini|p2a: Tapu Lele\n|\n|-heal|p1a: Tapu Fini|51\/100|[from] item: Leftovers\n|upkeep\n|turn|2\n|j| Quagshi\n|j| wish kisser\n|j| cypherstest\n|j| LT94JE Genesis\n|\n|t:|1661518577\n|switch|p1a: Melmetal|Melmetal|100\/100\n|move|p2a: Tapu Lele|Moonblast|p1a: Melmetal\n|-resisted|p1a: Melmetal\n|-damage|p1a: Melmetal|78\/100\n|\n|-heal|p1a: Melmetal|84\/100|[from] item: Leftovers\n|upkeep\n|turn|3\n|\n|t:|1661518584\n|switch|p2a: Landorus|Landorus-Therian, M|100\/100\n|-ability|p2a: Landorus|Intimidate|boost\n|-unboost|p1a: Melmetal|atk|1\n|move|p1a: Melmetal|Superpower|p2a: Landorus\n|-resisted|p2a: Landorus\n|-damage|p2a: Landorus|88\/100\n|-unboost|p1a: Melmetal|atk|1\n|-unboost|p1a: Melmetal|def|1\n|-damage|p1a: Melmetal|67\/100|[from] item: Rocky Helmet|[of] p2a: Landorus\n|\n|-heal|p1a: Melmetal|73\/100|[from] item: Leftovers\n|upkeep\n|turn|4\n|\n|t:|1661518590\n|move|p1a: Melmetal|Protect|p1a: Melmetal\n|-singleturn|p1a: Melmetal|Protect\n|move|p2a: Landorus|Swords Dance|p2a: Landorus\n|-boost|p2a: Landorus|atk|2\n|\n|-heal|p1a: Melmetal|80\/100|[from] item: Leftovers\n|upkeep\n|turn|5\n|\n|t:|1661518594\n|switch|p1a: Landorus|Landorus-Therian, M|100\/100\n|-ability|p1a: Landorus|Intimidate|boost\n|-unboost|p2a: Landorus|atk|1\n|move|p2a: Landorus|Swords Dance|p2a: Landorus\n|-boost|p2a: Landorus|atk|2\n|\n|-fieldend|Misty Terrain\n|upkeep\n|turn|6\n|\n|t:|1661518600\n|move|p2a: Landorus|Knock Off|p1a: Landorus\n|-damage|p1a: Landorus|23\/100\n|-enditem|p1a: Landorus|Leftovers|[from] move: Knock Off|[of] p2a: Landorus\n|move|p1a: Landorus|U-turn|p2a: Landorus\n|-resisted|p2a: Landorus\n|-damage|p2a: Landorus|80\/100\n|-damage|p1a: Landorus|6\/100|[from] item: Rocky Helmet|[of] p2a: Landorus\n|\n|t:|1661518603\n|switch|p1a: Blacephalon|Blacephalon|100\/100|[from]move: U-turn\n|\n|upkeep\n|turn|7\n|\n|t:|1661518612\n|switch|p2a: Heatran|Heatran, M|100\/100\n|-item|p2a: Heatran|Air Balloon\n|move|p1a: Blacephalon|Overheat|p2a: Heatran\n|-start|p2a: Heatran|ability: Flash Fire\n|\n|upkeep\n|turn|8\n|\n|t:|1661518620\n|switch|p1a: Tapu Fini|Tapu Fini|51\/100\n|-fieldstart|move: Misty Terrain|[from] ability: Misty Surge|[of] p1a: Tapu Fini\n|move|p2a: Heatran|Stealth Rock|p1a: Tapu Fini\n|-sidestart|p1: LT94JE DS|move: Stealth Rock\n|\n|-heal|p1a: Tapu Fini|57\/100|[from] item: Leftovers\n|upkeep\n|turn|9\n|\n|t:|1661518626\n|-end|p2a: Heatran|ability: Flash Fire|[silent]\n|switch|p2a: Zarude|Zarude-Dada|100\/100\n|move|p1a: Tapu Fini|Nature's Madness|p2a: Zarude\n|-damage|p2a: Zarude|50\/100\n|\n|-heal|p1a: Tapu Fini|63\/100|[from] item: Leftovers\n|upkeep\n|turn|10\n|\n|t:|1661518631\n|switch|p1a: Dragapult|Dragapult, F|100\/100\n|-damage|p1a: Dragapult|88\/100|[from] Stealth Rock\n|move|p2a: Zarude|Power Whip|p1a: Dragapult\n|-resisted|p1a: Dragapult\n|-damage|p1a: Dragapult|39\/100\n|-damage|p2a: Zarude|41\/100|[from] item: Life Orb\n|\n|upkeep\n|turn|11\n|\n|t:|1661518638\n|switch|p2a: Landorus|Landorus-Therian, M|80\/100\n|-ability|p2a: Landorus|Intimidate|boost\n|-unboost|p1a: Dragapult|atk|1\n|move|p1a: Dragapult|U-turn|p2a: Landorus\n|-resisted|p2a: Landorus\n|-damage|p2a: Landorus|75\/100\n|-damage|p1a: Dragapult|22\/100|[from] item: Rocky Helmet|[of] p2a: Landorus\n|\n|t:|1661518641\n|switch|p1a: Blacephalon|Blacephalon|100\/100|[from]move: U-turn\n|-damage|p1a: Blacephalon|76\/100|[from] Stealth Rock\n|\n|upkeep\n|turn|12\n|j| Gwaaarn\n|j| Ctannn\n|\n|t:|1661518645\n|switch|p2a: Keldeo|Keldeo-Resolute|100\/100\n|move|p1a: Blacephalon|Shadow Ball|p2a: Keldeo\n|-damage|p2a: Keldeo|25\/100\n|-unboost|p2a: Keldeo|spd|1\n|\n|-heal|p2a: Keldeo|31\/100|[from] item: Leftovers\n|-fieldend|Misty Terrain\n|upkeep\n|turn|13\n|\n|t:|1661518652\n|switch|p1a: Tapu Fini|Tapu Fini|63\/100\n|-damage|p1a: Tapu Fini|51\/100|[from] Stealth Rock\n|-fieldstart|move: Misty Terrain|[from] ability: Misty Surge|[of] p1a: Tapu Fini\n|move|p2a: Keldeo|Scald|p1a: Tapu Fini\n|-resisted|p1a: Tapu Fini\n|-damage|p1a: Tapu Fini|36\/100\n|\n|-heal|p2a: Keldeo|38\/100|[from] item: Leftovers\n|-heal|p1a: Tapu Fini|42\/100|[from] item: Leftovers\n|upkeep\n|turn|14\n|\n|t:|1661518657\n|switch|p2a: Tapu Lele|Tapu Lele|100\/100\n|-fieldstart|move: Psychic Terrain|[from] ability: Psychic Surge|[of] p2a: Tapu Lele\n|move|p1a: Tapu Fini|Defog|p2a: Tapu Lele\n|-unboost|p2a: Tapu Lele|evasion|1\n|-sideend|p1: LT94JE DS|Stealth Rock|[from] move: Defog|[of] p1a: Tapu Fini\n|-fieldend|move: Psychic Terrain\n|\n|-heal|p1a: Tapu Fini|49\/100|[from] item: Leftovers\n|upkeep\n|turn|15\n|\n|t:|1661518662\n|switch|p1a: Melmetal|Melmetal|80\/100\n|move|p2a: Tapu Lele|Thunderbolt|p1a: Melmetal\n|-damage|p1a: Melmetal|51\/100\n|\n|-heal|p1a: Melmetal|57\/100|[from] item: Leftovers\n|upkeep\n|turn|16\n|\n|t:|1661518669\n|switch|p2a: Heatran|Heatran, M|100\/100\n|-item|p2a: Heatran|Air Balloon\n|switch|p1a: Blacephalon|Blacephalon|76\/100\n|\n|upkeep\n|turn|17\n|j| ufjrjtjjtkt\n|\n|t:|1661518675\n|switch|p1a: Tapu Fini|Tapu Fini|49\/100\n|-fieldstart|move: Misty Terrain|[from] ability: Misty Surge|[of] p1a: Tapu Fini\n|move|p2a: Heatran|Earth Power|p1a: Tapu Fini\n|-damage|p1a: Tapu Fini|20\/100\n|\n|-heal|p1a: Tapu Fini|26\/100|[from] item: Leftovers\n|upkeep\n|turn|18\n|\n|t:|1661518688\n|switch|p1a: Blacephalon|Blacephalon|76\/100\n|move|p2a: Heatran|Taunt|p1a: Blacephalon\n|-start|p1a: Blacephalon|move: Taunt\n|\n|upkeep\n|turn|19\n|\n|t:|1661518697\n|switch|p1a: Landorus|Landorus-Therian, M|6\/100\n|-ability|p1a: Landorus|Intimidate|boost\n|-unboost|p2a: Heatran|atk|1\n|move|p2a: Heatran|Stealth Rock|p1a: Landorus\n|-sidestart|p1: LT94JE DS|move: Stealth Rock\n|\n|upkeep\n|turn|20\n|\n|t:|1661518705\n|switch|p2a: Landorus|Landorus-Therian, M|75\/100\n|-ability|p2a: Landorus|Intimidate|boost\n|-unboost|p1a: Landorus|atk|1\n|move|p1a: Landorus|Stealth Rock|p2a: Landorus\n|-sidestart|p2: bramitoboy|move: Stealth Rock\n|\n|upkeep\n|turn|21\n|\n|t:|1661518709\n|move|p2a: Landorus|Knock Off|p1a: Landorus\n|-damage|p1a: Landorus|0 fnt\n|faint|p1a: Landorus\n|\n|-fieldend|Misty Terrain\n|upkeep\n|\n|t:|1661518718\n|switch|p1a: Blacephalon|Blacephalon|76\/100\n|-damage|p1a: Blacephalon|51\/100|[from] Stealth Rock\n|turn|22\n|\n|t:|1661518728\n|switch|p2a: Zarude|Zarude-Dada|41\/100\n|-damage|p2a: Zarude|28\/100|[from] Stealth Rock\n|move|p1a: Blacephalon|Shadow Ball|p2a: Zarude\n|-resisted|p2a: Zarude\n|-damage|p2a: Zarude|0 fnt\n|faint|p2a: Zarude\n|-ability|p1a: Blacephalon|Beast Boost|boost\n|-boost|p1a: Blacephalon|spa|1\n|\n|upkeep\n|\n|t:|1661518733\n|switch|p2a: Tapu Koko|Tapu Koko|100\/100\n|-damage|p2a: Tapu Koko|88\/100|[from] Stealth Rock\n|-fieldstart|move: Electric Terrain|[from] ability: Electric Surge|[of] p2a: Tapu Koko\n|turn|23\n|\n|t:|1661518738\n|switch|p1a: Tapu Fini|Tapu Fini|26\/100\n|-damage|p1a: Tapu Fini|14\/100|[from] Stealth Rock\n|-fieldstart|move: Misty Terrain|[from] ability: Misty Surge|[of] p1a: Tapu Fini\n|move|p2a: Tapu Koko|Thunderbolt|p1a: Tapu Fini\n|-supereffective|p1a: Tapu Fini\n|-damage|p1a: Tapu Fini|0 fnt\n|faint|p1a: Tapu Fini\n|\n|upkeep\n|\n|t:|1661518742\n|switch|p1a: Melmetal|Melmetal|57\/100\n|-damage|p1a: Melmetal|51\/100|[from] Stealth Rock\n|turn|24\n|\n|t:|1661518747\n|switch|p2a: Landorus|Landorus-Therian, M|75\/100\n|-damage|p2a: Landorus|63\/100|[from] Stealth Rock\n|-ability|p2a: Landorus|Intimidate|boost\n|-unboost|p1a: Melmetal|atk|1\n|switch|p1a: Blacephalon|Blacephalon|51\/100\n|-damage|p1a: Blacephalon|26\/100|[from] Stealth Rock\n|\n|upkeep\n|turn|25\n|\n|t:|1661518757\n|move|p1a: Blacephalon|Shadow Ball|p2a: Landorus\n|-damage|p2a: Landorus|0 fnt\n|faint|p2a: Landorus\n|-ability|p1a: Blacephalon|Beast Boost|boost\n|-boost|p1a: Blacephalon|spa|1\n|\n|upkeep\n|\n|t:|1661518760\n|switch|p2a: Tapu Koko|Tapu Koko|88\/100\n|-damage|p2a: Tapu Koko|76\/100|[from] Stealth Rock\n|-fieldstart|move: Electric Terrain|[from] ability: Electric Surge|[of] p2a: Tapu Koko\n|turn|26\n|\n|t:|1661518767\n|move|p2a: Tapu Koko|Thunderbolt|p1a: Blacephalon\n|-damage|p1a: Blacephalon|0 fnt\n|faint|p1a: Blacephalon\n|\n|upkeep\n|\n|t:|1661518769\n|switch|p1a: Melmetal|Melmetal|51\/100\n|-damage|p1a: Melmetal|45\/100|[from] Stealth Rock\n|turn|27\n|\n|t:|1661518778\n|switch|p2a: Heatran|Heatran, M|100\/100\n|-damage|p2a: Heatran|88\/100|[from] Stealth Rock\n|-item|p2a: Heatran|Air Balloon\n|move|p1a: Melmetal|Superpower|p2a: Heatran\n|-supereffective|p2a: Heatran\n|-damage|p2a: Heatran|7\/100\n|-unboost|p1a: Melmetal|atk|1\n|-unboost|p1a: Melmetal|def|1\n|-enditem|p2a: Heatran|Air Balloon\n|\n|-heal|p1a: Melmetal|51\/100|[from] item: Leftovers\n|upkeep\n|turn|28\n|\n|t:|1661518781\n|move|p1a: Melmetal|Protect|p1a: Melmetal\n|-singleturn|p1a: Melmetal|Protect\n|move|p2a: Heatran|Earth Power|p1a: Melmetal\n|-activate|p1a: Melmetal|move: Protect\n|\n|-heal|p1a: Melmetal|57\/100|[from] item: Leftovers\n|upkeep\n|turn|29\n|\n|t:|1661518784\n|switch|p1a: Tapu Lele|Tapu Lele|100\/100\n|-damage|p1a: Tapu Lele|88\/100|[from] Stealth Rock\n|-fieldstart|move: Psychic Terrain|[from] ability: Psychic Surge|[of] p1a: Tapu Lele\n|move|p2a: Heatran|Earth Power|p1a: Tapu Lele\n|-damage|p1a: Tapu Lele|54\/100\n|\n|upkeep\n|turn|30\n|l| Ctannn\n|\n|t:|1661518793\n|move|p1a: Tapu Lele|Moonblast|p2a: Heatran\n|-resisted|p2a: Heatran\n|-damage|p2a: Heatran|0 fnt\n|faint|p2a: Heatran\n|\n|upkeep\n|\n|t:|1661518798\n|switch|p2a: Tapu Koko|Tapu Koko|76\/100\n|-damage|p2a: Tapu Koko|63\/100|[from] Stealth Rock\n|-fieldstart|move: Electric Terrain|[from] ability: Electric Surge|[of] p2a: Tapu Koko\n|turn|31\n|\n|t:|1661518806\n|move|p2a: Tapu Koko|Thunderbolt|p1a: Tapu Lele\n|-damage|p1a: Tapu Lele|0 fnt\n|faint|p1a: Tapu Lele\n|\n|upkeep\n|j| LT94JE Herv\n|\n|t:|1661518809\n|switch|p1a: Melmetal|Melmetal|57\/100\n|-damage|p1a: Melmetal|51\/100|[from] Stealth Rock\n|turn|32\n|\n|t:|1661518837\n|move|p2a: Tapu Koko|Thunderbolt|p1a: Melmetal\n|-damage|p1a: Melmetal|6\/100\n|-status|p1a: Melmetal|par\n|cant|p1a: Melmetal|par\n|\n|-heal|p1a: Melmetal|12\/100 par|[from] item: Leftovers\n|upkeep\n|turn|33\n|l| LT94JE Genesis\n|-message|LT94JE DS forfeited.\n|\n|win|bramitoboy\n|raw|LT94JE DS's rating: 1803 &rarr; <strong>1793<\/strong><br \/>(-10 for losing)\n|raw|bramitoboy's rating: 1987 &rarr; <strong>1997<\/strong><br \/>(+10 for winning)\n|l|\u2606LT94JE DS\n|l| Quagshi\n|l|\u2606bramitoboy\n|l| LT94JE Herv\n|l| ufjrjtjjtkt\n","uploadtime":1661518866,"views":55,"p1id":"lt94jeds","p2id":"bramitoboy","formatid":"gen8ou","rating":1793,"private":0,"password":null}