{"id":"gen8ou-1218408474","p1":"Genevieve6900","p2":"Draco09876","format":"gen8ou","log":"|j|\u2606Genevieve6900\n|j|\u2606Draco09876\n|t:|1604733892\n|player|p1|Genevieve6900|drayden|1449\n|player|p2|Draco09876|101|1493\n|teamsize|p1|6\n|teamsize|p2|6\n|gametype|singles\n|gen|8\n|tier|[Gen 8] OU\n|rated|\n|clearpoke\n|poke|p1|Urshifu-*, M|\n|poke|p1|Zygarde|\n|poke|p1|Magearna-Original|\n|poke|p1|Zeraora|\n|poke|p1|Mandibuzz, F|\n|poke|p1|Chandelure, F|\n|poke|p2|Pelipper, M|\n|poke|p2|Barraskewda, F|\n|poke|p2|Swampert, M|\n|poke|p2|Ferrothorn, F|\n|poke|p2|Volcanion|\n|poke|p2|Dragapult, M|\n|rule|Sleep Clause Mod: Limit one foe put to sleep\n|rule|Species Clause: Limit one of each Pok\u00e9mon\n|rule|OHKO Clause: OHKO moves are banned\n|rule|Evasion Moves Clause: Evasion moves are banned\n|rule|Endless Battle Clause: Forcing endless battles is banned\n|rule|HP Percentage Mod: HP is shown in percentages\n|rule|Dynamax Clause: You cannot dynamax\n|teampreview\n|inactive|Battle timer is ON: inactive players will automatically lose when time's up. (requested by Draco09876)\n|inactive|Genevieve6900 has 120 seconds left.\n|inactive|Genevieve6900 has 90 seconds left.\n|\n|t:|1604733983\n|start\n|switch|p1a: Bambi|Zeraora|100\/100\n|switch|p2a: Swampert|Swampert, M|100\/100\n|turn|1\n|\n|t:|1604733988\n|move|p1a: Bambi|Grass Knot|p2a: Swampert\n|-supereffective|p2a: Swampert\n|-damage|p2a: Swampert|10\/100\n|move|p2a: Swampert|Flip Turn|p1a: Bambi\n|-damage|p1a: Bambi|43\/100\n|\n|t:|1604734002\n|switch|p2a: Ferrothorn|Ferrothorn, F|100\/100|[from]move: Flip Turn\n|\n|upkeep\n|turn|2\n|\n|t:|1604734007\n|switch|p1a: GRRRRR|Urshifu-Rapid-Strike, M|100\/100\n|move|p2a: Ferrothorn|Knock Off|p1a: GRRRRR\n|-resisted|p1a: GRRRRR\n|-damage|p1a: GRRRRR|94\/100\n|-enditem|p1a: GRRRRR|Leftovers|[from] move: Knock Off|[of] p2a: Ferrothorn\n|\n|upkeep\n|turn|3\n|\n|t:|1604734013\n|move|p1a: GRRRRR|Taunt|p2a: Ferrothorn\n|-start|p2a: Ferrothorn|move: Taunt\n|cant|p2a: Ferrothorn|move: Taunt|Leech Seed\n|\n|upkeep\n|turn|4\n|\n|t:|1604734015\n|switch|p1a: Bambi|Zeraora|43\/100\n|move|p2a: Ferrothorn|Gyro Ball|p1a: Bambi\n|-resisted|p1a: Bambi\n|-damage|p1a: Bambi|8\/100\n|\n|upkeep\n|turn|5\n|\n|t:|1604734022\n|move|p1a: Bambi|Volt Switch|p2a: Ferrothorn\n|-resisted|p2a: Ferrothorn\n|-damage|p2a: Ferrothorn|77\/100\n|\n|t:|1604734027\n|switch|p1a: Chan Da Lure|Chandelure, F, shiny|100\/100|[from]move: Volt Switch\n|move|p2a: Ferrothorn|Knock Off|p1a: Chan Da Lure\n|-supereffective|p1a: Chan Da Lure\n|-damage|p1a: Chan Da Lure|41\/100\n|-enditem|p1a: Chan Da Lure|Custap Berry|[from] move: Knock Off|[of] p2a: Ferrothorn\n|\n|-end|p2a: Ferrothorn|move: Taunt\n|upkeep\n|turn|6\n|\n|t:|1604734033\n|switch|p2a: Swampert|Swampert, M|10\/100\n|move|p1a: Chan Da Lure|Shadow Ball|p2a: Swampert\n|-damage|p2a: Swampert|0 fnt\n|faint|p2a: Swampert\n|\n|upkeep\n|\n|t:|1604734044\n|switch|p2a: Pelipper|Pelipper, M|100\/100\n|-weather|RainDance|[from] ability: Drizzle|[of] p2a: Pelipper\n|turn|7\n|\n|t:|1604734049\n|move|p1a: Chan Da Lure|Shadow Ball|p2a: Pelipper\n|-damage|p2a: Pelipper|30\/100\n|move|p2a: Pelipper|Scald|p1a: Chan Da Lure\n|-supereffective|p1a: Chan Da Lure\n|-damage|p1a: Chan Da Lure|0 fnt\n|faint|p1a: Chan Da Lure\n|\n|-weather|RainDance|[upkeep]\n|upkeep\n|\n|t:|1604734055\n|switch|p1a: Bambi|Zeraora|8\/100\n|turn|8\n|\n|t:|1604734058\n|switch|p2a: Ferrothorn|Ferrothorn, F|77\/100\n|move|p1a: Bambi|Volt Switch|p2a: Ferrothorn\n|-resisted|p2a: Ferrothorn\n|-damage|p2a: Ferrothorn|54\/100\n|\n|t:|1604734065\n|switch|p1a: GRRRRR|Urshifu-Rapid-Strike, M|94\/100|[from]move: Volt Switch\n|\n|-weather|RainDance|[upkeep]\n|upkeep\n|turn|9\n|\n|t:|1604734069\n|switch|p2a: Dragapult|Dragapult, M|100\/100\n|move|p1a: GRRRRR|Body Press|p2a: Dragapult\n|-immune|p2a: Dragapult\n|\n|-weather|RainDance|[upkeep]\n|upkeep\n|turn|10\n|\n|t:|1604734073\n|switch|p1a: Magina|Magearna-Original|100\/100\n|move|p2a: Dragapult|U-turn|p1a: Magina\n|-resisted|p1a: Magina\n|-damage|p1a: Magina|98\/100\n|\n|t:|1604734078\n|switch|p2a: Barraskewda|Barraskewda, F|100\/100|[from]move: U-turn\n|\n|-weather|RainDance|[upkeep]\n|upkeep\n|turn|11\n|\n|t:|1604734081\n|move|p2a: Barraskewda|Liquidation|p1a: Magina\n|-damage|p1a: Magina|30\/100\n|move|p1a: Magina|Fleur Cannon|p2a: Barraskewda\n|-damage|p2a: Barraskewda|0 fnt\n|-unboost|p1a: Magina|spa|2\n|faint|p2a: Barraskewda\n|-ability|p1a: Magina|Soul-Heart|boost\n|-boost|p1a: Magina|spa|1\n|\n|-weather|RainDance|[upkeep]\n|upkeep\n|\n|t:|1604734087\n|switch|p2a: Volcanion|Volcanion|100\/100\n|turn|12\n|\n|t:|1604734093\n|move|p2a: Volcanion|Steam Eruption|p1a: Magina\n|-damage|p1a: Magina|0 fnt\n|faint|p1a: Magina\n|\n|-weather|RainDance|[upkeep]\n|upkeep\n|\n|t:|1604734096\n|switch|p1a: Bambi|Zeraora|8\/100\n|turn|13\n|\n|t:|1604734103\n|switch|p2a: Ferrothorn|Ferrothorn, F|54\/100\n|move|p1a: Bambi|Thunderbolt|p2a: Ferrothorn\n|-resisted|p2a: Ferrothorn\n|-damage|p2a: Ferrothorn|27\/100\n|\n|-weather|RainDance|[upkeep]\n|upkeep\n|turn|14\n|\n|t:|1604734110\n|move|p1a: Bambi|Thunderbolt|p2a: Ferrothorn\n|-resisted|p2a: Ferrothorn\n|-damage|p2a: Ferrothorn|0 fnt\n|faint|p2a: Ferrothorn\n|\n|-weather|none\n|upkeep\n|\n|t:|1604734116\n|switch|p2a: Dragapult|Dragapult, M|100\/100\n|turn|15\n|\n|t:|1604734122\n|switch|p1a: Mandibulz|Mandibuzz, F|100\/100\n|move|p2a: Dragapult|Draco Meteor|p1a: Mandibulz\n|-damage|p1a: Mandibulz|52\/100\n|-unboost|p2a: Dragapult|spa|2\n|\n|upkeep\n|turn|16\n|\n|t:|1604734127\n|switch|p2a: Pelipper|Pelipper, M|30\/100\n|-weather|RainDance|[from] ability: Drizzle|[of] p2a: Pelipper\n|move|p1a: Mandibulz|Roost|p1a: Mandibulz\n|-heal|p1a: Mandibulz|100\/100\n|-singleturn|p1a: Mandibulz|move: Roost\n|\n|-weather|RainDance|[upkeep]\n|upkeep\n|turn|17\n|\n|t:|1604734130\n|move|p1a: Mandibulz|U-turn|p2a: Pelipper\n|-resisted|p2a: Pelipper\n|-damage|p2a: Pelipper|25\/100\n|\n|t:|1604734134\n|switch|p1a: GRRRRR|Urshifu-Rapid-Strike, M|94\/100|[from]move: U-turn\n|move|p2a: Pelipper|Roost|p2a: Pelipper\n|-heal|p2a: Pelipper|75\/100\n|-singleturn|p2a: Pelipper|move: Roost\n|\n|-weather|RainDance|[upkeep]\n|upkeep\n|turn|18\n|\n|t:|1604734138\n|move|p1a: GRRRRR|Taunt|p2a: Pelipper\n|-start|p2a: Pelipper|move: Taunt\n|move|p2a: Pelipper|Scald|p1a: GRRRRR\n|-resisted|p1a: GRRRRR\n|-damage|p1a: GRRRRR|69\/100\n|\n|-weather|RainDance|[upkeep]\n|upkeep\n|turn|19\n|\n|t:|1604734141\n|move|p1a: GRRRRR|Iron Defense|p1a: GRRRRR\n|-boost|p1a: GRRRRR|def|2\n|move|p2a: Pelipper|Scald|p1a: GRRRRR\n|-resisted|p1a: GRRRRR\n|-damage|p1a: GRRRRR|42\/100\n|-status|p1a: GRRRRR|brn\n|\n|-weather|RainDance|[upkeep]\n|-damage|p1a: GRRRRR|35\/100 brn|[from] brn\n|upkeep\n|turn|20\n|\n|t:|1604734145\n|move|p1a: GRRRRR|Iron Defense|p1a: GRRRRR\n|-boost|p1a: GRRRRR|def|2\n|move|p2a: Pelipper|Scald|p1a: GRRRRR\n|-resisted|p1a: GRRRRR\n|-damage|p1a: GRRRRR|9\/100 brn\n|\n|-weather|RainDance|[upkeep]\n|-damage|p1a: GRRRRR|2\/100 brn|[from] brn\n|-end|p2a: Pelipper|move: Taunt\n|upkeep\n|turn|21\n|\n|t:|1604734148\n|move|p1a: GRRRRR|Taunt|p2a: Pelipper\n|-start|p2a: Pelipper|move: Taunt\n|cant|p2a: Pelipper|move: Taunt|Roost\n|\n|-weather|RainDance|[upkeep]\n|-damage|p1a: GRRRRR|0 fnt|[from] brn\n|faint|p1a: GRRRRR\n|upkeep\n|\n|t:|1604734150\n|switch|p1a: Bambi|Zeraora|8\/100\n|turn|22\n|\n|t:|1604734155\n|move|p1a: Bambi|Volt Switch|p2a: Pelipper\n|-supereffective|p2a: Pelipper\n|-damage|p2a: Pelipper|0 fnt\n|faint|p2a: Pelipper\n|\n|t:|1604734160\n|switch|p1a: xyz|Zygarde|100\/100|[from]move: Volt Switch\n|-ability|p1a: xyz|Aura Break\n|\n|-weather|RainDance|[upkeep]\n|upkeep\n|\n|t:|1604734163\n|switch|p2a: Dragapult|Dragapult, M|100\/100\n|turn|23\n|\n|t:|1604734172\n|move|p2a: Dragapult|U-turn|p1a: xyz\n|-damage|p1a: xyz|88\/100\n|\n|t:|1604734174\n|switch|p2a: Volcanion|Volcanion|100\/100|[from]move: U-turn\n|move|p1a: xyz|Glare|p2a: Volcanion\n|-status|p2a: Volcanion|par\n|\n|-weather|none\n|-heal|p1a: xyz|94\/100|[from] item: Leftovers\n|upkeep\n|turn|24\n|\n|t:|1604734188\n|move|p1a: xyz|Thousand Arrows|p2a: Volcanion\n|-supereffective|p2a: Volcanion\n|-damage|p2a: Volcanion|11\/100 par\n|move|p2a: Volcanion|Steam Eruption|p1a: xyz\n|-damage|p1a: xyz|45\/100\n|\n|-heal|p1a: xyz|51\/100|[from] item: Leftovers\n|upkeep\n|turn|25\n|\n|t:|1604734196\n|move|p1a: xyz|Thousand Arrows|p2a: Volcanion\n|-supereffective|p2a: Volcanion\n|-damage|p2a: Volcanion|0 fnt\n|faint|p2a: Volcanion\n|\n|-heal|p1a: xyz|58\/100|[from] item: Leftovers\n|upkeep\n|\n|t:|1604734198\n|switch|p2a: Dragapult|Dragapult, M|100\/100\n|turn|26\n|\n|t:|1604734201\n|move|p2a: Dragapult|Draco Meteor|p1a: xyz\n|-supereffective|p1a: xyz\n|-damage|p1a: xyz|0 fnt\n|-unboost|p2a: Dragapult|spa|2\n|faint|p1a: xyz\n|\n|upkeep\n|\n|t:|1604734204\n|switch|p1a: Mandibulz|Mandibuzz, F|100\/100\n|turn|27\n|-message|Draco09876 forfeited.\n|\n|win|Genevieve6900\n|l|\u2606Draco09876\n","uploadtime":1604734212,"views":25,"p1id":"genevieve6900","p2id":"draco09876","formatid":"gen8ou","rating":0,"private":0,"password":null}