{"id":"gen8ou-1687443997","p1":"Infernoss","p2":"LoSconosciuto","format":"gen8ou","log":"|html|<div class=\"broadcast-blue\"><strong>[Gen 8] OU is currently suspecting Melmetal! For information on how to participate check out the <a href=\"https:\/\/www.smogon.com\/forums\/threads\/np-ss-ou-suspect-process-round-12-monster-mash.3709234\/\">suspect thread<\/a>.<\/strong><\/div>\n|j|\u2606Infernoss\n|j|\u2606LoSconosciuto\n|t:|1665960696\n|gametype|singles\n|player|p1|Infernoss|blue|1603\n|player|p2|LoSconosciuto|#teamgapdos|1686\n|teamsize|p1|6\n|teamsize|p2|6\n|gen|8\n|tier|[Gen 8] OU\n|rated|\n|rule|Sleep Clause Mod: Limit one foe put to sleep\n|rule|Species Clause: Limit one of each Pok\u00e9mon\n|rule|OHKO Clause: OHKO moves are banned\n|rule|Evasion Items Clause: Evasion items are banned\n|rule|Evasion Moves Clause: Evasion moves are banned\n|rule|Endless Battle Clause: Forcing endless battles is banned\n|rule|HP Percentage Mod: HP is shown in percentages\n|rule|Dynamax Clause: You cannot dynamax\n|clearpoke\n|poke|p1|Marowak-Alola, M|\n|poke|p1|Slowbro, M|\n|poke|p1|Hatterene, F|\n|poke|p1|Garchomp, M|\n|poke|p1|Ferrothorn, M|\n|poke|p1|Drampa, M|\n|poke|p2|Tornadus-Therian, M|\n|poke|p2|Excadrill, F|\n|poke|p2|Tyranitar, M|\n|poke|p2|Rotom-Wash|\n|poke|p2|Volcarona, F|\n|poke|p2|Clefable, M|\n|teampreview\n|inactive|Battle timer is ON: inactive players will automatically lose when time's up. (requested by LoSconosciuto)\n|inactive|Infernoss has 120 seconds left.\n|j| rawklee789\n|\n|t:|1665960739\n|start\n|switch|p1a: Sharko|Garchomp, M|100\/100\n|switch|p2a: Tyranitar|Tyranitar, M|100\/100\n|-weather|Sandstorm|[from] ability: Sand Stream|[of] p2a: Tyranitar\n|turn|1\n|\n|t:|1665960746\n|switch|p1a: Thorns|Ferrothorn, M|100\/100\n|switch|p2a: Clefable|Clefable, M|100\/100\n|\n|-weather|Sandstorm|[upkeep]\n|upkeep\n|turn|2\n|\n|t:|1665960753\n|move|p2a: Clefable|Knock Off|p1a: Thorns\n|-damage|p1a: Thorns|89\/100\n|-activate|p1a: Thorns|ability: Iron Barbs\n|-enditem|p1a: Thorns|Shed Shell|[from] move: Knock Off|[of] p2a: Clefable\n|move|p1a: Thorns|Stealth Rock|p2a: Clefable\n|-sidestart|p2: LoSconosciuto|move: Stealth Rock\n|\n|-weather|Sandstorm|[upkeep]\n|upkeep\n|turn|3\n|\n|t:|1665960761\n|switch|p1a: Gorra|Hatterene, F, shiny|100\/100\n|move|p2a: Clefable|Knock Off|p1a: Gorra\n|-damage|p1a: Gorra|86\/100\n|-enditem|p1a: Gorra|Kasib Berry|[from] move: Knock Off|[of] p2a: Clefable\n|\n|-weather|Sandstorm|[upkeep]\n|-damage|p1a: Gorra|80\/100|[from] Sandstorm\n|upkeep\n|turn|4\n|\n|t:|1665960769\n|move|p2a: Clefable|Moonblast|p1a: Gorra\n|-damage|p1a: Gorra|56\/100\n|move|p1a: Gorra|Mystical Fire|p2a: Clefable\n|-damage|p2a: Clefable|77\/100\n|-unboost|p2a: Clefable|spa|1\n|\n|-weather|Sandstorm|[upkeep]\n|-damage|p1a: Gorra|50\/100|[from] Sandstorm\n|upkeep\n|turn|5\n|\n|t:|1665960777\n|move|p2a: Clefable|Moonblast|p1a: Gorra\n|-damage|p1a: Gorra|33\/100\n|-unboost|p1a: Gorra|spa|1\n|move|p1a: Gorra|Draining Kiss|p2a: Clefable\n|-damage|p2a: Clefable|63\/100\n|-heal|p1a: Gorra|47\/100|[from] drain|[of] p2a: Clefable\n|-damage|p1a: Gorra|30\/100|[from] item: Rocky Helmet|[of] p2a: Clefable\n|\n|-weather|none\n|upkeep\n|turn|6\n|\n|t:|1665960793\n|move|p2a: Clefable|Soft-Boiled|p2a: Clefable\n|-heal|p2a: Clefable|100\/100\n|move|p1a: Gorra|Trick Room|p1a: Gorra\n|-fieldstart|move: Trick Room|[of] p1a: Gorra\n|\n|upkeep\n|turn|7\n|\n|t:|1665960798\n|switch|p1a: Falkor|Drampa, M|100\/100\n|move|p2a: Clefable|Knock Off|p1a: Falkor\n|-damage|p1a: Falkor|85\/100\n|-enditem|p1a: Falkor|Expert Belt|[from] move: Knock Off|[of] p2a: Clefable\n|\n|upkeep\n|turn|8\n|\n|t:|1665960810\n|move|p1a: Falkor|Thunderbolt|p2a: Clefable\n|-damage|p2a: Clefable|65\/100\n|move|p2a: Clefable|Stealth Rock|p1a: Falkor\n|-sidestart|p1: Infernoss|move: Stealth Rock\n|\n|upkeep\n|turn|9\n|\n|t:|1665960818\n|move|p1a: Falkor|Thunderbolt|p2a: Clefable\n|-damage|p2a: Clefable|34\/100\n|move|p2a: Clefable|Soft-Boiled|p2a: Clefable\n|-heal|p2a: Clefable|84\/100\n|\n|upkeep\n|turn|10\n|\n|t:|1665960823\n|move|p1a: Falkor|Thunderbolt|p2a: Clefable\n|-damage|p2a: Clefable|53\/100\n|move|p2a: Clefable|Soft-Boiled|p2a: Clefable\n|-heal|p2a: Clefable|100\/100\n|\n|-fieldend|move: Trick Room\n|upkeep\n|turn|11\n|\n|t:|1665960829\n|switch|p2a: Tyranitar|Tyranitar, M|100\/100\n|-damage|p2a: Tyranitar|88\/100|[from] Stealth Rock\n|-weather|Sandstorm|[from] ability: Sand Stream|[of] p2a: Tyranitar\n|move|p1a: Falkor|Focus Blast|p2a: Tyranitar\n|-supereffective|p2a: Tyranitar\n|-damage|p2a: Tyranitar|0 fnt\n|faint|p2a: Tyranitar\n|\n|-weather|Sandstorm|[upkeep]\n|-damage|p1a: Falkor|79\/100|[from] Sandstorm\n|upkeep\n|\n|t:|1665960836\n|switch|p2a: Excadrill|Excadrill, F|100\/100\n|-damage|p2a: Excadrill|97\/100|[from] Stealth Rock\n|-item|p2a: Excadrill|Air Balloon\n|turn|12\n|\n|t:|1665960845\n|move|p2a: Excadrill|Earthquake|p1a: Falkor\n|-damage|p1a: Falkor|12\/100\n|-ability|p1a: Falkor|Berserk|boost\n|-boost|p1a: Falkor|spa|1\n|move|p1a: Falkor|Ice Beam|p2a: Excadrill\n|-damage|p2a: Excadrill|27\/100\n|-enditem|p2a: Excadrill|Air Balloon\n|\n|-weather|Sandstorm|[upkeep]\n|-damage|p1a: Falkor|6\/100|[from] Sandstorm\n|upkeep\n|turn|13\n|\n|t:|1665960857\n|switch|p1a: Sonso|Slowbro, M|100\/100\n|-damage|p1a: Sonso|88\/100|[from] Stealth Rock\n|move|p2a: Excadrill|Rapid Spin|p1a: Sonso\n|-damage|p1a: Sonso|77\/100\n|-boost|p2a: Excadrill|spe|1\n|-sideend|p2: LoSconosciuto|Stealth Rock|[from] move: Rapid Spin|[of] p2a: Excadrill\n|\n|-weather|Sandstorm|[upkeep]\n|-damage|p1a: Sonso|71\/100|[from] Sandstorm\n|upkeep\n|turn|14\n|\n|t:|1665960868\n|move|p2a: Excadrill|Earthquake|p1a: Sonso\n|-damage|p1a: Sonso|39\/100\n|move|p1a: Sonso|Trick Room|p1a: Sonso\n|-fieldstart|move: Trick Room|[of] p1a: Sonso\n|\n|-weather|Sandstorm|[upkeep]\n|-damage|p1a: Sonso|33\/100|[from] Sandstorm\n|upkeep\n|turn|15\n|\n|t:|1665960874\n|switch|p2a: Clefable|Clefable, M|100\/100\n|move|p1a: Sonso|Scald|p2a: Clefable\n|-damage|p2a: Clefable|75\/100\n|-status|p2a: Clefable|brn\n|\n|-weather|none\n|upkeep\n|turn|16\n|\n|t:|1665960882\n|move|p1a: Sonso|Slack Off|p1a: Sonso\n|-heal|p1a: Sonso|83\/100\n|move|p2a: Clefable|Moonblast|p1a: Sonso\n|-damage|p1a: Sonso|48\/100\n|\n|upkeep\n|turn|17\n|\n|t:|1665960890\n|switch|p1a: Thorns|Ferrothorn, M|89\/100\n|-damage|p1a: Thorns|82\/100|[from] Stealth Rock\n|move|p2a: Clefable|Moonblast|p1a: Thorns\n|-resisted|p1a: Thorns\n|-damage|p1a: Thorns|73\/100\n|-unboost|p1a: Thorns|spa|1\n|\n|upkeep\n|turn|18\n|\n|t:|1665960898\n|switch|p2a: Volcarona|Volcarona, F|100\/100\n|move|p1a: Thorns|Stealth Rock|p2a: Volcarona\n|-sidestart|p2: LoSconosciuto|move: Stealth Rock\n|\n|-fieldend|move: Trick Room\n|upkeep\n|turn|19\n|\n|t:|1665960905\n|switch|p1a: Sharko|Garchomp, M|100\/100\n|-damage|p1a: Sharko|94\/100|[from] Stealth Rock\n|move|p2a: Volcarona|Quiver Dance|p2a: Volcarona\n|-boost|p2a: Volcarona|spa|1\n|-boost|p2a: Volcarona|spd|1\n|-boost|p2a: Volcarona|spe|1\n|\n|-heal|p1a: Sharko|100\/100|[from] item: Leftovers\n|upkeep\n|turn|20\n|\n|t:|1665960914\n|move|p2a: Volcarona|Bug Buzz|p1a: Sharko\n|-damage|p1a: Sharko|17\/100\n|move|p1a: Sharko|Scale Shot|p2a: Volcarona\n|-crit|p2a: Volcarona\n|-damage|p2a: Volcarona|69\/100\n|-damage|p2a: Volcarona|49\/100\n|-damage|p2a: Volcarona|30\/100\n|-hitcount|p2a: Volcarona|3\n|-unboost|p1a: Sharko|def|1\n|-boost|p1a: Sharko|spe|1\n|\n|-heal|p1a: Sharko|23\/100|[from] item: Leftovers\n|upkeep\n|turn|21\n|\n|t:|1665960928\n|switch|p2a: Tornadus|Tornadus-Therian, M|100\/100\n|move|p1a: Sharko|Swords Dance|p1a: Sharko\n|-boost|p1a: Sharko|atk|2\n|\n|-heal|p1a: Sharko|29\/100|[from] item: Leftovers\n|upkeep\n|turn|22\n|\n|t:|1665960936\n|move|p1a: Sharko|Stone Edge|p2a: Tornadus\n|-supereffective|p2a: Tornadus\n|-damage|p2a: Tornadus|0 fnt\n|faint|p2a: Tornadus\n|\n|-heal|p1a: Sharko|36\/100|[from] item: Leftovers\n|upkeep\n|\n|t:|1665960939\n|switch|p2a: Rotom|Rotom-Wash|100\/100\n|-damage|p2a: Rotom|88\/100|[from] Stealth Rock\n|turn|23\n|\n|t:|1665960944\n|move|p1a: Sharko|Scale Shot|p2a: Rotom\n|-damage|p2a: Rotom|51\/100\n|-damage|p2a: Rotom|17\/100\n|-damage|p2a: Rotom|0 fnt\n|faint|p2a: Rotom\n|-hitcount|p2: Rotom|3\n|-unboost|p1a: Sharko|def|1\n|-boost|p1a: Sharko|spe|1\n|\n|-heal|p1a: Sharko|42\/100|[from] item: Leftovers\n|upkeep\n|-message|LoSconosciuto forfeited.\n|\n|win|Infernoss\n|raw|Infernoss's rating: 1603 &rarr; <strong>1628<\/strong><br \/>(+25 for winning)\n|raw|LoSconosciuto's rating: 1686 &rarr; <strong>1661<\/strong><br \/>(-25 for losing)\n|l|\u2606LoSconosciuto\n||Ladder isn't responding, score probably updated but might not have (Request timeout).\n","uploadtime":1665960957,"views":28,"p1id":"infernoss","p2id":"losconosciuto","formatid":"gen8ou","rating":1628,"private":0,"password":null}