{"id":"gen8ou-1583331060","p1":"SetsuStsna","p2":"Ozmaze","format":"gen8ou","log":"|j|\u2606SetsuStsna\n|j|\u2606Ozmaze\n|inactive|Battle timer is ON: inactive players will automatically lose when time's up.\n|t:|1653583909\n|gametype|singles\n|player|p1|SetsuStsna|irida|\n|player|p2|Ozmaze|bruno|\n|teamsize|p1|6\n|teamsize|p2|6\n|gen|8\n|tier|[Gen 8] OU\n|rated|Tournament battle\n|rule|Sleep Clause Mod: Limit one foe put to sleep\n|rule|OHKO Clause: OHKO moves are banned\n|rule|Evasion Moves Clause: Evasion moves are banned\n|rule|Endless Battle Clause: Forcing endless battles is banned\n|rule|HP Percentage Mod: HP is shown in percentages\n|rule|Dynamax Clause: You cannot dynamax\n|clearpoke\n|poke|p1|Hitmontop, M|\n|poke|p1|Hitmontop, M|\n|poke|p1|Hitmontop, M|\n|poke|p1|Hitmontop, M|\n|poke|p1|Hitmontop, M|\n|poke|p1|Hitmontop, M|\n|poke|p2|Hitmontop, M|\n|poke|p2|Hitmontop, M|\n|poke|p2|Hitmontop, M|\n|poke|p2|Hitmontop, M|\n|poke|p2|Hitmontop, M|\n|poke|p2|Hitmontop, M|\n|teampreview\n|j| SceptiledUP\n|j|%htcl (>\u25e1<)\n|j| Zephyr1517\n|j| yaboiAshK.\n|c|\u2606SetsuStsna|hf\n|c|\u2606Ozmaze|Hey ! Glhf\n|\n|t:|1653583921\n|start\n|switch|p1a: Despacito|Hitmontop, M|100\/100\n|switch|p2a: warrior|Hitmontop, M|100\/100\n|turn|1\n|\n|t:|1653583939\n|move|p1a: Despacito|Metronome|p1a: Despacito\n|move|p1a: Despacito|Crabhammer|p2a: warrior|[from]move: Metronome\n|-crit|p2a: warrior\n|-damage|p2a: warrior|58\/100\n|move|p2a: warrior|Metronome|p2a: warrior\n|move|p2a: warrior|Strength|p1a: Despacito|[from]move: Metronome\n|-damage|p1a: Despacito|72\/100\n|\n|upkeep\n|turn|2\n|\n|t:|1653583948\n|move|p1a: Despacito|Metronome|p1a: Despacito\n|move|p1a: Despacito|Drain Punch|p2a: warrior|[from]move: Metronome\n|-damage|p2a: warrior|27\/100\n|-heal|p1a: Despacito|89\/100|[from] drain|[of] p2a: warrior\n|move|p2a: warrior|Metronome|p2a: warrior\n|move|p2a: warrior|Magnetic Flux||[from]move: Metronome|[still]\n|-fail|p2a: warrior\n|\n|upkeep\n|turn|3\n|c|\u2606SetsuStsna|despacito do it to him\n|\n|t:|1653583956\n|move|p1a: Despacito|Metronome|p1a: Despacito\n|move|p1a: Despacito|Laser Focus|p1a: Despacito|[from]move: Metronome\n|-start|p1a: Despacito|move: Laser Focus\n|move|p2a: warrior|Metronome|p2a: warrior\n|move|p2a: warrior|Water Shuriken|p1a: Despacito|[from]move: Metronome\n|-damage|p1a: Despacito|87\/100\n|-damage|p1a: Despacito|85\/100\n|-damage|p1a: Despacito|83\/100\n|-damage|p1a: Despacito|81\/100\n|-hitcount|p1a: Despacito|4\n|\n|upkeep\n|turn|4\n|c| Zephyr1517|Despacito dominating as always\n|c|\u2606Ozmaze|My warrior never surrender\n|\n|t:|1653583976\n|move|p1a: Despacito|Metronome|p1a: Despacito\n|move|p1a: Despacito|Tail Whip|p2a: warrior|[from]move: Metronome\n|-unboost|p2a: warrior|def|1\n|move|p2a: warrior|Metronome|p2a: warrior\n|move|p2a: warrior|Roar of Time|p1a: Despacito|[from]move: Metronome\n|-damage|p1a: Despacito|64\/100\n|-mustrecharge|p2a: warrior\n|\n|-end|p1a: Despacito|move: Laser Focus|[silent]\n|upkeep\n|turn|5\n|\n|t:|1653583984\n|move|p1a: Despacito|Metronome|p1a: Despacito\n|move|p1a: Despacito|Scary Face|p2a: warrior|[from]move: Metronome\n|-unboost|p2a: warrior|spe|2\n|cant|p2a: warrior|recharge\n|\n|upkeep\n|turn|6\n|c|\u2606SetsuStsna|17 lol\n|\n|t:|1653583992\n|move|p1a: Despacito|Metronome|p1a: Despacito\n|move|p1a: Despacito|Sunny Day|p1a: Despacito|[from]move: Metronome\n|-weather|SunnyDay\n|move|p2a: warrior|Metronome|p2a: warrior\n|move|p2a: warrior|Poison Sting|p1a: Despacito|[from]move: Metronome\n|-damage|p1a: Despacito|57\/100\n|\n|-weather|SunnyDay|[upkeep]\n|upkeep\n|turn|7\n|c| Zephyr1517|warrior with its battle cry\n|\n|t:|1653583999\n|move|p1a: Despacito|Metronome|p1a: Despacito\n|move|p1a: Despacito|Head Smash|p2a: warrior|[from]move: Metronome\n|-resisted|p2a: warrior\n|-damage|p2a: warrior|0 fnt\n|faint|p2a: warrior\n|-damage|p1a: Despacito|43\/100|[from] Recoil\n|\n|-weather|SunnyDay|[upkeep]\n|upkeep\n|c|\u2606SetsuStsna|rip warrior\n|c|\u2606Ozmaze|It's okay\n|c|\u2606SetsuStsna|he tried though fasho\n|c|\u2606Ozmaze|Let's see\n|\n|t:|1653584015\n|switch|p2a: Mage|Hitmontop, M|100\/100\n|turn|8\n|c|\u2606Ozmaze|THE MAGE\n|\n|t:|1653584021\n|move|p2a: Mage|Metronome|p2a: Mage\n|move|p2a: Mage|Solar Beam||[from]move: Metronome|[still]\n|-prepare|p2a: Mage|Solar Beam\n|-anim|p2a: Mage|Solar Beam|p1a: Despacito\n|-damage|p1a: Despacito|20\/100\n|move|p1a: Despacito|Metronome|p1a: Despacito\n|move|p1a: Despacito|Wonder Room|p1a: Despacito|[from]move: Metronome\n|-fieldstart|move: Wonder Room|[of] p1a: Despacito\n|\n|-weather|SunnyDay|[upkeep]\n|upkeep\n|turn|9\n|c|\u2606SetsuStsna|mage came in to fuck shit up\n|\n|t:|1653584030\n|move|p2a: Mage|Metronome|p2a: Mage\n|move|p2a: Mage|Sky Attack||[from]move: Metronome|[still]\n|-prepare|p2a: Mage|Sky Attack\n|move|p1a: Despacito|Metronome|p1a: Despacito\n|move|p1a: Despacito|Laser Focus|p1a: Despacito|[from]move: Metronome\n|-start|p1a: Despacito|move: Laser Focus\n|\n|-weather|SunnyDay|[upkeep]\n|upkeep\n|turn|10\n|c|\u2606SetsuStsna|yo\n|\n|t:|1653584036\n|move|p2a: Mage|Sky Attack|p1a: Despacito|[from]lockedmove\n|-supereffective|p1a: Despacito\n|-damage|p1a: Despacito|0 fnt\n|faint|p1a: Despacito\n|\n|-weather|none\n|upkeep\n|c|\u2606SetsuStsna|mage not playing\n|\n|t:|1653584043\n|switch|p1a: Pitbull|Hitmontop, M|100\/100\n|turn|11\n|c|\u2606Ozmaze|bye Desacito\n|\n|t:|1653584050\n|move|p2a: Mage|Metronome|p2a: Mage\n|move|p2a: Mage|Slack Off||[from]move: Metronome|[still]\n|-fail|p2a: Mage|heal\n|move|p1a: Pitbull|Metronome|p1a: Pitbull\n|move|p1a: Pitbull|Misty Terrain|p1a: Pitbull|[from]move: Metronome\n|-fieldstart|move: Misty Terrain\n|\n|upkeep\n|turn|12\n|\n|t:|1653584056\n|move|p2a: Mage|Metronome|p2a: Mage\n|move|p2a: Mage|Scratch|p1a: Pitbull|[from]move: Metronome\n|-damage|p1a: Pitbull|91\/100\n|move|p1a: Pitbull|Metronome|p1a: Pitbull\n|move|p1a: Pitbull|Rising Voltage|p2a: Mage|[from]move: Metronome\n|-damage|p2a: Mage|86\/100\n|\n|-fieldend|move: Wonder Room\n|upkeep\n|turn|13\n|\n|t:|1653584064\n|move|p2a: Mage|Metronome|p2a: Mage\n|move|p2a: Mage|Extrasensory|p1a: Pitbull|[from]move: Metronome\n|-supereffective|p1a: Pitbull\n|-damage|p1a: Pitbull|59\/100\n|cant|p1a: Pitbull|flinch\n|\n|upkeep\n|turn|14\n|c|\u2606SetsuStsna|i havent used an attack in like 10 rolls\n|j| nxvnt\n|\n|t:|1653584071\n|move|p2a: Mage|Metronome|p2a: Mage\n|move|p2a: Mage|Happy Hour|p2a: Mage|[from]move: Metronome\n|move|p1a: Pitbull|Metronome|p1a: Pitbull\n|move|p1a: Pitbull|Aeroblast|p2a: Mage|[from]move: Metronome\n|-supereffective|p2a: Mage\n|-damage|p2a: Mage|47\/100\n|\n|upkeep\n|turn|15\n|\n|t:|1653584077\n|move|p2a: Mage|Metronome|p2a: Mage\n|move|p2a: Mage|Magic Powder|p1a: Pitbull|[from]move: Metronome\n|-start|p1a: Pitbull|typechange|Psychic\n|move|p1a: Pitbull|Metronome|p1a: Pitbull\n|move|p1a: Pitbull|X-Scissor|p2a: Mage|[from]move: Metronome\n|-resisted|p2a: Mage\n|-damage|p2a: Mage|34\/100\n|\n|-fieldend|Misty Terrain\n|upkeep\n|turn|16\n|c|\u2606Ozmaze|you are a psy type now Pitbull\n|\n|t:|1653584092\n|move|p2a: Mage|Metronome|p2a: Mage\n|move|p2a: Mage|Ancient Power|p1a: Pitbull|[from]move: Metronome\n|-damage|p1a: Pitbull|47\/100\n|move|p1a: Pitbull|Metronome|p1a: Pitbull\n|move|p1a: Pitbull|Toxic Spikes|p2a: Mage|[from]move: Metronome\n|-sidestart|p2: Ozmaze|move: Toxic Spikes\n|\n|upkeep\n|turn|17\n|c|\u2606SetsuStsna|yessir\n|c|\u2606Ozmaze|NOOOOOOO\n|c|\u2606Ozmaze|I lose\n|\n|t:|1653584104\n|move|p2a: Mage|Metronome|p2a: Mage\n|move|p2a: Mage|Tri Attack|p1a: Pitbull|[from]move: Metronome\n|-damage|p1a: Pitbull|30\/100\n|move|p1a: Pitbull|Metronome|p1a: Pitbull\n|move|p1a: Pitbull|Parabolic Charge|p2a: Mage|[from]move: Metronome\n|-damage|p2a: Mage|23\/100\n|-heal|p1a: Pitbull|36\/100|[from] drain|[of] p2a: Mage\n|\n|upkeep\n|turn|18\n|c|\u2606SetsuStsna|inb4 rapid spin\n|j| zReptar\n|c|\u2606Ozmaze|pls defog\n|\n|t:|1653584117\n|move|p2a: Mage|Metronome|p2a: Mage\n|move|p2a: Mage|Stone Edge|p1a: Pitbull|[from]move: Metronome\n|-damage|p1a: Pitbull|9\/100\n|move|p1a: Pitbull|Metronome|p1a: Pitbull\n|move|p1a: Pitbull|Block|p2a: Mage|[from]move: Metronome\n|-activate|p2a: Mage|trapped\n|\n|upkeep\n|turn|19\n|\n|t:|1653584124\n|move|p2a: Mage|Metronome|p2a: Mage\n|move|p2a: Mage|Conversion|p2a: Mage|[from]move: Metronome\n|-start|p2a: Mage|typechange|Normal\n|move|p1a: Pitbull|Metronome|p1a: Pitbull\n|move|p1a: Pitbull|Power Swap|p2a: Mage|[from]move: Metronome\n|-swapboost|p1a: Pitbull|p2a: Mage|atk, spa|[from] move: Power Swap\n|\n|upkeep\n|turn|20\n|\n|t:|1653584134\n|move|p2a: Mage|Metronome|p2a: Mage\n|move|p2a: Mage|Mega Kick|p1a: Pitbull|[from]move: Metronome\n|-damage|p1a: Pitbull|0 fnt\n|faint|p1a: Pitbull\n|\n|upkeep\n|c| SceptiledUP|Mage just needs to go crazy and destory everything\n|\n|t:|1653584138\n|switch|p1a: Eminem's Venom|Hitmontop, M|100\/100\n|turn|21\n|\n|t:|1653584141\n|move|p2a: Mage|Metronome|p2a: Mage\n|move|p2a: Mage|Blaze Kick|p1a: Eminem's Venom|[from]move: Metronome\n|-crit|p1a: Eminem's Venom\n|-damage|p1a: Eminem's Venom|68\/100\n|-status|p1a: Eminem's Venom|brn\n|move|p1a: Eminem's Venom|Metronome|p1a: Eminem's Venom\n|move|p1a: Eminem's Venom|Teatime|p1a: Eminem's Venom|[from]move: Metronome\n|-enditem|p1a: Eminem's Venom|Leppa Berry|[eat]\n|-activate|p1a: Eminem's Venom|item: Leppa Berry|Metronome|[consumed]\n|-enditem|p2a: Mage|Leppa Berry|[eat]\n|-activate|p2a: Mage|item: Leppa Berry|Metronome|[consumed]\n|\n|-damage|p1a: Eminem's Venom|62\/100 brn|[from] brn\n|upkeep\n|turn|22\n|c|\u2606SetsuStsna|mage stop\n|c|\u2606SetsuStsna|rn\n|c|\u2606Ozmaze|(really good song)\n|\n|t:|1653584152\n|move|p2a: Mage|Metronome|p2a: Mage\n|move|p2a: Mage|Hydro Pump|p1a: Eminem's Venom|[from]move: Metronome\n|-damage|p1a: Eminem's Venom|38\/100 brn\n|move|p1a: Eminem's Venom|Metronome|p1a: Eminem's Venom\n|move|p1a: Eminem's Venom|Focus Energy|p1a: Eminem's Venom|[from]move: Metronome\n|-start|p1a: Eminem's Venom|move: Focus Energy\n|\n|-damage|p1a: Eminem's Venom|32\/100 brn|[from] brn\n|upkeep\n|turn|23\n|c|\u2606SetsuStsna|cap\n|c|\u2606SetsuStsna|yo mage\n|c|\u2606SetsuStsna|is about to kill 3\n|c|\u2606Ozmaze|I gave him all EV in sp\u00e9 attack\n|c| Zephyr1517|mage is demon\n|\n|t:|1653584168\n|move|p2a: Mage|Metronome|p2a: Mage\n|move|p2a: Mage|Sludge Wave|p1a: Eminem's Venom|[from]move: Metronome\n|-damage|p1a: Eminem's Venom|12\/100 brn\n|move|p1a: Eminem's Venom|Metronome|p1a: Eminem's Venom\n|move|p1a: Eminem's Venom|Night Slash|p2a: Mage|[from]move: Metronome\n|-crit|p2a: Mage\n|-damage|p2a: Mage|5\/100\n|\n|-damage|p1a: Eminem's Venom|6\/100 brn|[from] brn\n|upkeep\n|turn|24\n|\n|t:|1653584177\n|move|p2a: Mage|Metronome|p2a: Mage\n|move|p2a: Mage|Iron Defense|p2a: Mage|[from]move: Metronome\n|-boost|p2a: Mage|def|2\n|move|p1a: Eminem's Venom|Metronome|p1a: Eminem's Venom\n|move|p1a: Eminem's Venom|Sandstorm|p1a: Eminem's Venom|[from]move: Metronome\n|-weather|Sandstorm\n|\n|-weather|Sandstorm|[upkeep]\n|-damage|p2a: Mage|0 fnt|[from] Sandstorm\n|-damage|p1a: Eminem's Venom|0 fnt|[from] Sandstorm\n|faint|p2a: Mage\n|faint|p1a: Eminem's Venom\n|upkeep\n|c|\u2606Ozmaze|well\n|c|\u2606Ozmaze|now I cry\n|c| zReptar|Oh no t spike\n|\n|t:|1653584193\n|switch|p2a: Bob Lennon|Hitmontop, M|100\/100\n|switch|p1a: Gangnam Style|Hitmontop, M|100\/100\n|-status|p2a: Bob Lennon|psn\n|turn|25\n|c| zReptar|Its over\n|\n|t:|1653584199\n|move|p2a: Bob Lennon|Metronome|p2a: Bob Lennon\n|move|p2a: Bob Lennon|Leafage|p1a: Gangnam Style|[from]move: Metronome\n|-damage|p1a: Gangnam Style|87\/100\n|move|p1a: Gangnam Style|Metronome|p1a: Gangnam Style\n|move|p1a: Gangnam Style|Lash Out|p2a: Bob Lennon|[from]move: Metronome\n|-resisted|p2a: Bob Lennon\n|-damage|p2a: Bob Lennon|88\/100 psn\n|\n|-weather|Sandstorm|[upkeep]\n|-damage|p2a: Bob Lennon|82\/100 psn|[from] Sandstorm\n|-damage|p1a: Gangnam Style|81\/100|[from] Sandstorm\n|-damage|p2a: Bob Lennon|70\/100 psn|[from] psn\n|upkeep\n|turn|26\n|j| kpm406\n|c|\u2606SetsuStsna|!dt bob lennon\n|error|No Pok\u00e9mon, item, move, ability or nature named 'bob lennon' was found. (Check your spelling?)\n|c|\u2606Ozmaze|pls defog or rapid spin\n|c| Zephyr1517|Is Bob gonna clutch ?\n|c|\u2606Ozmaze|pray for me\n|\n|t:|1653584218\n|move|p2a: Bob Lennon|Metronome|p2a: Bob Lennon\n|move|p2a: Bob Lennon|Psystrike|p1a: Gangnam Style|[from]move: Metronome\n|-supereffective|p1a: Gangnam Style\n|-damage|p1a: Gangnam Style|53\/100\n|move|p1a: Gangnam Style|Metronome|p1a: Gangnam Style\n|move|p1a: Gangnam Style|Cross Poison|p2a: Bob Lennon|[from]move: Metronome\n|-crit|p2a: Bob Lennon\n|-damage|p2a: Bob Lennon|34\/100 psn\n|\n|-weather|Sandstorm|[upkeep]\n|-damage|p2a: Bob Lennon|28\/100 psn|[from] Sandstorm\n|-damage|p1a: Gangnam Style|47\/100|[from] Sandstorm\n|-damage|p2a: Bob Lennon|15\/100 psn|[from] psn\n|upkeep\n|turn|27\n|\n|t:|1653584229\n|move|p2a: Bob Lennon|Metronome|p2a: Bob Lennon\n|move|p2a: Bob Lennon|Overheat|p1a: Gangnam Style|[from]move: Metronome|[miss]\n|-miss|p2a: Bob Lennon|p1a: Gangnam Style\n|move|p1a: Gangnam Style|Metronome|p1a: Gangnam Style\n|move|p1a: Gangnam Style|Flying Press|p2a: Bob Lennon|[from]move: Metronome\n|-supereffective|p2a: Bob Lennon\n|-damage|p2a: Bob Lennon|0 fnt\n|faint|p2a: Bob Lennon\n|\n|-weather|Sandstorm|[upkeep]\n|-damage|p1a: Gangnam Style|41\/100|[from] Sandstorm\n|upkeep\n|\n|t:|1653584240\n|switch|p2a: Equity|Hitmontop, M|100\/100\n|-status|p2a: Equity|psn\n|turn|28\n|\n|t:|1653584244\n|move|p2a: Equity|Metronome|p2a: Equity\n|move|p2a: Equity|Ice Beam|p1a: Gangnam Style|[from]move: Metronome\n|-damage|p1a: Gangnam Style|30\/100\n|move|p1a: Gangnam Style|Metronome|p1a: Gangnam Style\n|move|p1a: Gangnam Style|Drill Run|p2a: Equity|[from]move: Metronome\n|-damage|p2a: Equity|75\/100 psn\n|\n|-weather|none\n|-damage|p2a: Equity|63\/100 psn|[from] psn\n|upkeep\n|turn|29\n|\n|t:|1653584253\n|move|p2a: Equity|Metronome|p2a: Equity\n|move|p2a: Equity|Court Change|p2a: Equity|[from]move: Metronome\n|-swapsideconditions\n|-activate|p2a: Equity|move: Court Change\n|move|p1a: Gangnam Style|Metronome|p1a: Gangnam Style\n|move|p1a: Gangnam Style|Aura Sphere|p2a: Equity|[from]move: Metronome\n|-crit|p2a: Equity\n|-damage|p2a: Equity|36\/100 psn\n|\n|-damage|p2a: Equity|23\/100 psn|[from] psn\n|upkeep\n|turn|30\n|c| SceptiledUP|oh my\n|c|\u2606SetsuStsna|?????????????????\n|c|\u2606Ozmaze|YEEEEEEEES\n|c| Zephyr1517|clutch ?\n|c|%htcl (>\u25e1<)|LMFAO\n|c|\u2606Ozmaze|GO EXIST\n|c|\u2606Ozmaze|GOD*\n|c| zReptar|Clutc???\n|\n|t:|1653584269\n|move|p2a: Equity|Metronome|p2a: Equity\n|move|p2a: Equity|Sludge|p1a: Gangnam Style|[from]move: Metronome\n|-damage|p1a: Gangnam Style|21\/100\n|move|p1a: Gangnam Style|Metronome|p1a: Gangnam Style\n|move|p1a: Gangnam Style|Dual Wingbeat|p2a: Equity|[from]move: Metronome\n|-supereffective|p2a: Equity\n|-damage|p2a: Equity|0 fnt\n|faint|p2a: Equity\n|-hitcount|p2: Equity|1\n|\n|upkeep\n|c| nxvnt|clutch\n|c|%htcl (>\u25e1<)|how the tables have turned\n|c| zReptar|Clutch\n|\n|t:|1653584279\n|switch|p2a: thief|Hitmontop, M|100\/100\n|turn|31\n|c| Zephyr1517|how the turns the table\n|\n|t:|1653584282\n|move|p2a: thief|Metronome|p2a: thief\n|move|p2a: thief|Parting Shot|p1a: Gangnam Style|[from]move: Metronome\n|-unboost|p1a: Gangnam Style|atk|1\n|-unboost|p1a: Gangnam Style|spa|1\n|\n|t:|1653584286\n|switch|p2a: the tank|Hitmontop, M|100\/100|[from]move: Parting Shot\n|move|p1a: Gangnam Style|Metronome|p1a: Gangnam Style\n|move|p1a: Gangnam Style|Absorb|p2a: the tank|[from]move: Metronome\n|-damage|p2a: the tank|99\/100\n|-heal|p1a: Gangnam Style|22\/100|[from] drain|[of] p2a: the tank\n|\n|upkeep\n|turn|32\n|c|\u2606SetsuStsna|i trust my bois\n|c| zReptar|Gangnam style needs to go crazy\n|\n|t:|1653584294\n|move|p1a: Gangnam Style|Metronome|p1a: Gangnam Style\n|move|p1a: Gangnam Style|Lovely Kiss|p2a: the tank|[from]move: Metronome\n|-status|p2a: the tank|slp|[from] move: Lovely Kiss\n|cant|p2a: the tank|slp\n|\n|upkeep\n|turn|33\n|c| SceptiledUP|Something blow up\n|\n|t:|1653584300\n|move|p1a: Gangnam Style|Metronome|p1a: Gangnam Style\n|move|p1a: Gangnam Style|Gear Grind|p2a: the tank|[from]move: Metronome\n|-damage|p2a: the tank|90\/100 slp\n|-damage|p2a: the tank|82\/100 slp\n|-hitcount|p2a: the tank|2\n|cant|p2a: the tank|slp\n|\n|upkeep\n|turn|34\n|\n|t:|1653584307\n|move|p1a: Gangnam Style|Metronome|p1a: Gangnam Style\n|move|p1a: Gangnam Style|Retaliate|p2a: the tank|[from]move: Metronome\n|-damage|p2a: the tank|70\/100 slp\n|-curestatus|p2a: the tank|slp|[msg]\n|move|p2a: the tank|Metronome|p2a: the tank\n|move|p2a: the tank|Scorching Sands|p1a: Gangnam Style|[from]move: Metronome\n|-damage|p1a: Gangnam Style|13\/100\n|-status|p1a: Gangnam Style|brn\n|\n|-damage|p1a: Gangnam Style|7\/100 brn|[from] brn\n|upkeep\n|turn|35\n|\n|t:|1653584318\n|move|p1a: Gangnam Style|Metronome|p1a: Gangnam Style\n|move|p1a: Gangnam Style|Quick Attack|p2a: the tank|[from]move: Metronome\n|-damage|p2a: the tank|67\/100\n|move|p2a: the tank|Metronome|p2a: the tank\n|move|p2a: the tank|First Impression||[from]move: Metronome|[still]\n|-hint|First Impression only works on your first turn out.\n|-fail|p2a: the tank\n|\n|-damage|p1a: Gangnam Style|1\/100 brn|[from] brn\n|upkeep\n|turn|36\n|c|\u2606SetsuStsna|wait you actually\n|c|\u2606SetsuStsna|gave them diff evs\n|c| Zephyr1517|gangnam style put in the work\n|c|\u2606Ozmaze|yes\n|\n|t:|1653584330\n|move|p1a: Gangnam Style|Metronome|p1a: Gangnam Style\n|move|p1a: Gangnam Style|Foul Play|p2a: the tank|[from]move: Metronome\n|-resisted|p2a: the tank\n|-damage|p2a: the tank|62\/100\n|move|p2a: the tank|Metronome|p2a: the tank\n|move|p2a: the tank|Swagger|p1a: Gangnam Style|[from]move: Metronome\n|-boost|p1a: Gangnam Style|atk|2\n|-start|p1a: Gangnam Style|confusion\n|\n|-damage|p1a: Gangnam Style|0 fnt|[from] brn\n|faint|p1a: Gangnam Style\n|upkeep\n|c|\u2606Ozmaze|it's strat\n|\n|t:|1653584334\n|switch|p1a: Harry Styles|Hitmontop, M|100\/100\n|-status|p1a: Harry Styles|psn\n|turn|37\n|n| Call the crew|zreptar\n|c|\u2606SetsuStsna|rapid spin defog smth\n|c|\u2606SetsuStsna|whatever\n|\n|t:|1653584346\n|move|p1a: Harry Styles|Metronome|p1a: Harry Styles\n|move|p1a: Harry Styles|Vine Whip|p2a: the tank|[from]move: Metronome\n|-damage|p2a: the tank|50\/100\n|move|p2a: the tank|Metronome|p2a: the tank\n|move|p2a: the tank|Phantom Force||[from]move: Metronome|[still]\n|-prepare|p2a: the tank|Phantom Force\n|\n|-damage|p1a: Harry Styles|88\/100 psn|[from] psn\n|upkeep\n|turn|38\n|c| SceptiledUP|Harry Styles blow up\n|\n|t:|1653584353\n|move|p1a: Harry Styles|Metronome|p1a: Harry Styles\n|move|p1a: Harry Styles|Brutal Swing|p2a: the tank|[from]move: Metronome|[miss]\n|-miss|p1a: Harry Styles|p2a: the tank\n|move|p2a: the tank|Phantom Force|p1a: Harry Styles|[from]lockedmove\n|-damage|p1a: Harry Styles|65\/100 psn\n|\n|-damage|p1a: Harry Styles|53\/100 psn|[from] psn\n|upkeep\n|turn|39\n|\n|t:|1653584362\n|move|p1a: Harry Styles|Metronome|p1a: Harry Styles\n|move|p1a: Harry Styles|Iron Tail|p2a: the tank|[from]move: Metronome\n|-damage|p2a: the tank|23\/100\n|move|p2a: the tank|Metronome|p2a: the tank\n|move|p2a: the tank|Grassy Glide|p1a: Harry Styles|[from]move: Metronome\n|-damage|p1a: Harry Styles|34\/100 psn\n|\n|-damage|p1a: Harry Styles|22\/100 psn|[from] psn\n|upkeep\n|turn|40\n|j| PoobleMaster945\n|c| Zephyr1517|tank is more of a assasin\n|\n|t:|1653584370\n|move|p1a: Harry Styles|Metronome|p1a: Harry Styles\n|move|p1a: Harry Styles|Grassy Terrain|p1a: Harry Styles|[from]move: Metronome\n|-fieldstart|move: Grassy Terrain\n|move|p2a: the tank|Metronome|p2a: the tank\n|move|p2a: the tank|Rock Tomb|p1a: Harry Styles|[from]move: Metronome\n|-resisted|p1a: Harry Styles\n|-damage|p1a: Harry Styles|14\/100 psn\n|-unboost|p1a: Harry Styles|spe|1\n|\n|-heal|p2a: the tank|29\/100|[from] Grassy Terrain\n|-heal|p1a: Harry Styles|20\/100 psn|[from] Grassy Terrain\n|-damage|p1a: Harry Styles|8\/100 psn|[from] psn\n|upkeep\n|turn|41\n|c|\u2606SetsuStsna|what\n|\n|t:|1653584383\n|move|p2a: the tank|Metronome|p2a: the tank\n|move|p2a: the tank|Charge|p2a: the tank|[from]move: Metronome\n|-boost|p2a: the tank|spd|1\n|-activate|p2a: the tank|move: Charge\n|move|p1a: Harry Styles|Metronome|p1a: Harry Styles\n|move|p1a: Harry Styles|Gravity|p1a: Harry Styles|[from]move: Metronome\n|-fieldstart|move: Gravity\n|\n|-heal|p2a: the tank|35\/100|[from] Grassy Terrain\n|-heal|p1a: Harry Styles|14\/100 psn|[from] Grassy Terrain\n|-damage|p1a: Harry Styles|2\/100 psn|[from] psn\n|upkeep\n|turn|42\n|c|\u2606Ozmaze|He is max pv and def\n|\n|t:|1653584395\n|move|p2a: the tank|Metronome|p2a: the tank\n|move|p2a: the tank|Knock Off|p1a: Harry Styles|[from]move: Metronome\n|-resisted|p1a: Harry Styles\n|-damage|p1a: Harry Styles|0 fnt\n|-enditem|p1a: Harry Styles|Leppa Berry|[from] move: Knock Off|[of] p2a: the tank\n|faint|p1a: Harry Styles\n|\n|-heal|p2a: the tank|42\/100|[from] Grassy Terrain\n|upkeep\n|\n|t:|1653584398\n|switch|p1a: morbin time|Hitmontop, M|100\/100\n|-status|p1a: morbin time|psn\n|turn|43\n|c|\u2606SetsuStsna|its morbin time\n|\n|t:|1653584405\n|move|p1a: morbin time|Metronome|p1a: morbin time\n|move|p1a: morbin time|Aurora Beam|p2a: the tank|[from]move: Metronome\n|-damage|p2a: the tank|36\/100\n|-unboost|p2a: the tank|atk|1\n|move|p2a: the tank|Metronome|p2a: the tank\n|move|p2a: the tank|Circle Throw|p1a: morbin time|[from]move: Metronome\n|-damage|p1a: morbin time|82\/100 psn\n|\n|-heal|p1a: morbin time|88\/100 psn|[from] Grassy Terrain\n|-heal|p2a: the tank|43\/100|[from] Grassy Terrain\n|-damage|p1a: morbin time|76\/100 psn|[from] psn\n|upkeep\n|turn|44\n|c|\u2606SetsuStsna|...\n|\n|t:|1653584417\n|move|p1a: morbin time|Metronome|p1a: morbin time\n|move|p1a: morbin time|Psyshock|p2a: the tank|[from]move: Metronome\n|-supereffective|p2a: the tank\n|-damage|p2a: the tank|20\/100\n|move|p2a: the tank|Metronome|p2a: the tank\n|move|p2a: the tank|Rapid Spin|p1a: morbin time|[from]move: Metronome\n|-damage|p1a: morbin time|66\/100 psn\n|-boost|p2a: the tank|spe|1\n|\n|-heal|p2a: the tank|26\/100|[from] Grassy Terrain\n|-heal|p1a: morbin time|72\/100 psn|[from] Grassy Terrain\n|-damage|p1a: morbin time|60\/100 psn|[from] psn\n|-fieldend|move: Grassy Terrain\n|upkeep\n|turn|45\n|c| SceptiledUP|lmao\n|c|\u2606SetsuStsna|...\n|c|\u2606SetsuStsna|that shouldve been me\n|c|\u2606Ozmaze|wrong Hitmon\n|\n|t:|1653584443\n|move|p2a: the tank|Metronome|p2a: the tank\n|move|p2a: the tank|Fury Attack|p1a: morbin time|[from]move: Metronome\n|-damage|p1a: morbin time|57\/100 psn\n|-damage|p1a: morbin time|54\/100 psn\n|-damage|p1a: morbin time|51\/100 psn\n|-hitcount|p1a: morbin time|3\n|move|p1a: morbin time|Metronome|p1a: morbin time\n|move|p1a: morbin time|Dual Wingbeat|p2a: the tank|[from]move: Metronome\n|-supereffective|p2a: the tank\n|-damage|p2a: the tank|7\/100\n|-supereffective|p2a: the tank\n|-damage|p2a: the tank|0 fnt\n|faint|p2a: the tank\n|-hitcount|p2: the tank|2\n|\n|-damage|p1a: morbin time|39\/100 psn|[from] psn\n|-fieldend|move: Gravity\n|upkeep\n|c| Zephyr1517|life is not fair\n|c|\u2606SetsuStsna|rest\n|c|\u2606SetsuStsna|rn\n|inactive|Ozmaze has 120 seconds left.\n|c| SceptiledUP|now will they blow up\n|\n|t:|1653584458\n|switch|p2a: thief|Hitmontop, M|100\/100\n|turn|46\n|\n|t:|1653584461\n|move|p2a: thief|Metronome|p2a: thief\n|move|p2a: thief|Hypnosis|p1a: morbin time|[from]move: Metronome|[miss]\n|-miss|p2a: thief|p1a: morbin time\n|move|p1a: morbin time|Metronome|p1a: morbin time\n|move|p1a: morbin time|Mean Look|p2a: thief|[from]move: Metronome\n|-activate|p2a: thief|trapped\n|\n|-damage|p1a: morbin time|27\/100 psn|[from] psn\n|upkeep\n|turn|47\n|\n|t:|1653584470\n|move|p2a: thief|Metronome|p2a: thief\n|move|p2a: thief|Stockpile|p2a: thief|[from]move: Metronome\n|-start|p2a: thief|stockpile1\n|-boost|p2a: thief|def|1\n|-boost|p2a: thief|spd|1\n|move|p1a: morbin time|Metronome|p1a: morbin time\n|move|p1a: morbin time|Focus Blast|p2a: thief|[from]move: Metronome|[miss]\n|-miss|p1a: morbin time|p2a: thief\n|\n|-damage|p1a: morbin time|15\/100 psn|[from] psn\n|upkeep\n|turn|48\n|c|\u2606SetsuStsna|ggs bro\n|c|\u2606Ozmaze|gg\n|\n|t:|1653584484\n|move|p2a: thief|Metronome|p2a: thief\n|move|p2a: thief|Sucker Punch||[from]move: Metronome|[still]\n|-fail|p2a: thief\n|move|p1a: morbin time|Metronome|p1a: morbin time\n|move|p1a: morbin time|Mist Ball|p2a: thief|[from]move: Metronome\n|-supereffective|p2a: thief\n|-damage|p2a: thief|86\/100\n|-unboost|p2a: thief|spa|1\n|\n|-damage|p1a: morbin time|2\/100 psn|[from] psn\n|upkeep\n|turn|49\n|c|\u2606SetsuStsna|it wasnt morbin time\n|c| Zephyr1517|thief being mad disrespectful\n|c| SceptiledUP|now it blows\n|\n|t:|1653584495\n|move|p2a: thief|Metronome|p2a: thief\n|move|p2a: thief|Dragon Claw|p1a: morbin time|[from]move: Metronome\n|-damage|p1a: morbin time|0 fnt\n|faint|p1a: morbin time\n|\n|win|Ozmaze\n|n|\u2606SetsuStsna|setsustsna\n|n|\u2606Ozmaze|ozmaze\n|n| SceptiledUP|sceptiledup\n|n| htcl (>\u25e1<)|htcl\n|n| Zephyr1517|zephyr1517\n|n| yaboiAshK.|yaboiashk\n|n| nxvnt|nxvnt\n|n| kpm406|kpm406\n|n| Call the crew|callthecrew\n|n| PoobleMaster945|pooblemaster945\n","uploadtime":1653584495,"views":44,"p1id":"setsustsna","p2id":"ozmaze","formatid":"gen8ou","rating":0,"private":0,"password":null}