{"id":"gen8ou-1689984031","p1":"Raimei Hakkei 2","p2":"minimax_ai","format":"gen8ou","log":"|html|<div class=\"broadcast-blue\"><strong>[Gen 8] OU is currently suspecting Melmetal! For information on how to participate check out the <a href=\"https:\/\/www.smogon.com\/forums\/threads\/np-ss-ou-suspect-process-round-12-monster-mash.3709234\/\">suspect thread<\/a>.<\/strong><\/div>\n|j|\u2606Raimei Hakkei 2\n|j|\u2606minimax_ai\n|t:|1666221765\n|gametype|singles\n|player|p1|Raimei Hakkei 2|102|1571\n|player|p2|minimax_ai|lusamine-nihilego|1545\n|teamsize|p1|6\n|teamsize|p2|6\n|gen|8\n|tier|[Gen 8] OU\n|rated|\n|rule|Sleep Clause Mod: Limit one foe put to sleep\n|rule|Species Clause: Limit one of each Pok\u00e9mon\n|rule|OHKO Clause: OHKO moves are banned\n|rule|Evasion Items Clause: Evasion items are banned\n|rule|Evasion Moves Clause: Evasion moves are banned\n|rule|Endless Battle Clause: Forcing endless battles is banned\n|rule|HP Percentage Mod: HP is shown in percentages\n|rule|Dynamax Clause: You cannot dynamax\n|clearpoke\n|poke|p1|Landorus-Therian, M|\n|poke|p1|Urshifu-*, M|\n|poke|p1|Dragonite, F|\n|poke|p1|Tyrantrum, F|\n|poke|p1|Aegislash, F|\n|poke|p1|Chansey, F|\n|poke|p2|Rotom-Wash|\n|poke|p2|Weavile, F|\n|poke|p2|Landorus-Therian, M|\n|poke|p2|Heatran, M|\n|poke|p2|Tangrowth, M|\n|poke|p2|Melmetal|\n|teampreview\n|inactive|Battle timer is ON: inactive players will automatically lose when time's up. (requested by Raimei Hakkei 2)\n|c|\u2606minimax_ai|hf\n|inactive|minimax_ai also wants the timer to be on.\n|\n|t:|1666221771\n|start\n|switch|p1a: Gundari: Ryuseigun|Urshifu-Rapid-Strike, M|100\/100\n|switch|p2a: landorustherian|Landorus-Therian, M|100\/100\n|-ability|p2a: landorustherian|Intimidate|boost\n|-unboost|p1a: Gundari: Ryuseigun|atk|1\n|turn|1\n|\n|t:|1666221774\n|move|p1a: Gundari: Ryuseigun|Close Combat|p2a: landorustherian\n|-resisted|p2a: landorustherian\n|-damage|p2a: landorustherian|71\/100\n|-unboost|p1a: Gundari: Ryuseigun|def|1\n|-unboost|p1a: Gundari: Ryuseigun|spd|1\n|move|p2a: landorustherian|Defog|p1a: Gundari: Ryuseigun\n|-unboost|p1a: Gundari: Ryuseigun|evasion|1\n|\n|-heal|p2a: landorustherian|77\/100|[from] item: Leftovers\n|upkeep\n|turn|2\n|\n|t:|1666221779\n|switch|p1a: Raging Drunk|Landorus-Therian, M|100\/100\n|-ability|p1a: Raging Drunk|Intimidate|boost\n|-unboost|p2a: landorustherian|atk|1\n|move|p2a: landorustherian|Defog|p1a: Raging Drunk\n|-unboost|p1a: Raging Drunk|evasion|1\n|\n|-heal|p2a: landorustherian|83\/100|[from] item: Leftovers\n|upkeep\n|turn|3\n|\n|t:|1666221784\n|move|p1a: Raging Drunk|Toxic|p2a: landorustherian\n|-status|p2a: landorustherian|tox\n|move|p2a: landorustherian|Toxic|p1a: Raging Drunk\n|-status|p1a: Raging Drunk|tox\n|-enditem|p1a: Raging Drunk|Lum Berry|[eat]\n|-curestatus|p1a: Raging Drunk|tox|[msg]\n|\n|-heal|p2a: landorustherian|89\/100 tox|[from] item: Leftovers\n|-damage|p2a: landorustherian|83\/100 tox|[from] psn\n|upkeep\n|turn|4\n|\n|t:|1666221790\n|switch|p1a: Gundari: Ryuseigun|Urshifu-Rapid-Strike, M|100\/100\n|switch|p2a: Heatran|Heatran, M|100\/100\n|-item|p2a: Heatran|Air Balloon\n|\n|upkeep\n|turn|5\n|\n|t:|1666221795\n|switch|p2a: Tangrowth|Tangrowth, M|100\/100\n|move|p1a: Gundari: Ryuseigun|Close Combat|p2a: Tangrowth\n|-damage|p2a: Tangrowth|52\/100\n|-unboost|p1a: Gundari: Ryuseigun|def|1\n|-unboost|p1a: Gundari: Ryuseigun|spd|1\n|-damage|p1a: Gundari: Ryuseigun|84\/100|[from] item: Rocky Helmet|[of] p2a: Tangrowth\n|\n|upkeep\n|turn|6\n|\n|t:|1666221803\n|switch|p1a: Flirty Drunk|Chansey, F|100\/100\n|move|p2a: Tangrowth|Sleep Powder|p1a: Flirty Drunk\n|-status|p1a: Flirty Drunk|slp|[from] move: Sleep Powder\n|\n|upkeep\n|turn|7\n|\n|t:|1666221806\n|-curestatus|p1a: Flirty Drunk|slp|[from] ability: Natural Cure\n|switch|p1a: Horai Hakke|Tyrantrum, F|100\/100\n|switch|p2a: landorustherian|Landorus-Therian, M|83\/100 tox\n|-ability|p2a: landorustherian|Intimidate|boost\n|-unboost|p1a: Horai Hakke|atk|1\n|\n|-heal|p2a: landorustherian|89\/100 tox|[from] item: Leftovers\n|-damage|p2a: landorustherian|83\/100 tox|[from] psn\n|upkeep\n|turn|8\n|\n|t:|1666221813\n|switch|p1a: Raging Drunk|Landorus-Therian, M|100\/100\n|-ability|p1a: Raging Drunk|Intimidate|boost\n|-unboost|p2a: landorustherian|atk|1\n|move|p2a: landorustherian|Defog|p1a: Raging Drunk\n|-unboost|p1a: Raging Drunk|evasion|1\n|\n|-heal|p2a: landorustherian|89\/100 tox|[from] item: Leftovers\n|-damage|p2a: landorustherian|77\/100 tox|[from] psn\n|upkeep\n|turn|9\n|\n|t:|1666221818\n|switch|p1a: Gundari: Ryuseigun|Urshifu-Rapid-Strike, M|84\/100\n|switch|p2a: Heatran|Heatran, M|100\/100\n|-item|p2a: Heatran|Air Balloon\n|\n|upkeep\n|turn|10\n|\n|t:|1666221822\n|switch|p2a: landorustherian|Landorus-Therian, M|77\/100 tox\n|-ability|p2a: landorustherian|Intimidate|boost\n|-unboost|p1a: Gundari: Ryuseigun|atk|1\n|move|p1a: Gundari: Ryuseigun|U-turn|p2a: landorustherian\n|-resisted|p2a: landorustherian\n|-damage|p2a: landorustherian|66\/100 tox\n|\n|t:|1666221826\n|switch|p1a: Raging Drunk|Landorus-Therian, M|100\/100|[from]move: U-turn\n|-ability|p1a: Raging Drunk|Intimidate|boost\n|-unboost|p2a: landorustherian|atk|1\n|\n|-heal|p2a: landorustherian|72\/100 tox|[from] item: Leftovers\n|-damage|p2a: landorustherian|66\/100 tox|[from] psn\n|upkeep\n|turn|11\n|\n|t:|1666221829\n|switch|p1a: Gundari: Ryuseigun|Urshifu-Rapid-Strike, M|84\/100\n|switch|p2a: Heatran|Heatran, M|100\/100\n|-item|p2a: Heatran|Air Balloon\n|\n|upkeep\n|turn|12\n|\n|t:|1666221832\n|switch|p2a: landorustherian|Landorus-Therian, M|66\/100 tox\n|-ability|p2a: landorustherian|Intimidate|boost\n|-unboost|p1a: Gundari: Ryuseigun|atk|1\n|move|p1a: Gundari: Ryuseigun|Surging Strikes|p2a: landorustherian\n|-supereffective|p2a: landorustherian\n|-crit|p2a: landorustherian\n|-damage|p2a: landorustherian|12\/100 tox\n|-supereffective|p2a: landorustherian\n|-crit|p2a: landorustherian\n|-damage|p2a: landorustherian|0 fnt\n|faint|p2a: landorustherian\n|-hitcount|p2: landorustherian|2\n|\n|upkeep\n|\n|t:|1666221832\n|switch|p2a: rotomwash|Rotom-Wash|100\/100\n|turn|13\n|\n|t:|1666221834\n|switch|p1a: Flirty Drunk|Chansey, F|100\/100\n|move|p2a: rotomwash|Hydro Pump|p1a: Flirty Drunk\n|-damage|p1a: Flirty Drunk|87\/100\n|\n|upkeep\n|turn|14\n|\n|t:|1666221837\n|move|p2a: rotomwash|Hydro Pump|p1a: Flirty Drunk\n|-damage|p1a: Flirty Drunk|73\/100\n|move|p1a: Flirty Drunk|Teleport|p1a: Flirty Drunk\n|\n|t:|1666221841\n|switch|p1a: Gundari: Ryuseigun|Urshifu-Rapid-Strike, M|84\/100|[from]move: Teleport\n|\n|upkeep\n|turn|15\n|\n|t:|1666221843\n|move|p1a: Gundari: Ryuseigun|Close Combat|p2a: rotomwash\n|-crit|p2a: rotomwash\n|-damage|p2a: rotomwash|0 fnt\n|-unboost|p1a: Gundari: Ryuseigun|def|1\n|-unboost|p1a: Gundari: Ryuseigun|spd|1\n|faint|p2a: rotomwash\n|\n|upkeep\n|\n|t:|1666221843\n|switch|p2a: Tangrowth|Tangrowth, M|85\/100\n|turn|16\n|\n|t:|1666221850\n|switch|p1a: Raging Drunk|Landorus-Therian, M|100\/100\n|-ability|p1a: Raging Drunk|Intimidate|boost\n|-unboost|p2a: Tangrowth|atk|1\n|move|p2a: Tangrowth|Sleep Powder|p1a: Raging Drunk\n|-status|p1a: Raging Drunk|slp|[from] move: Sleep Powder\n|\n|upkeep\n|turn|17\n|\n|t:|1666221854\n|switch|p2a: Heatran|Heatran, M|100\/100\n|-item|p2a: Heatran|Air Balloon\n|cant|p1a: Raging Drunk|slp\n|\n|upkeep\n|turn|18\n|\n|t:|1666221858\n|switch|p1a: Horai Hakke|Tyrantrum, F|100\/100\n|move|p2a: Heatran|Stealth Rock|p1a: Horai Hakke\n|-sidestart|p1: Raimei Hakkei 2|move: Stealth Rock\n|\n|upkeep\n|turn|19\n|\n|t:|1666221864\n|move|p2a: Heatran|Magma Storm|p1a: Horai Hakke\n|-resisted|p1a: Horai Hakke\n|-damage|p1a: Horai Hakke|79\/100\n|-activate|p1a: Horai Hakke|move: Magma Storm|[of] p2a: Heatran\n|move|p1a: Horai Hakke|Head Smash|p2a: Heatran|[miss]\n|-miss|p1a: Horai Hakke|p2a: Heatran\n|\n|-damage|p1a: Horai Hakke|67\/100|[from] move: Magma Storm|[partiallytrapped]\n|upkeep\n|turn|20\n|\n|t:|1666221871\n|move|p2a: Heatran|Magma Storm|p1a: Horai Hakke\n|-resisted|p1a: Horai Hakke\n|-damage|p1a: Horai Hakke|45\/100\n|move|p1a: Horai Hakke|Head Smash|p2a: Heatran\n|-damage|p2a: Heatran|0 fnt\n|-enditem|p2a: Heatran|Air Balloon\n|faint|p2a: Heatran\n|\n|-end|p1a: Horai Hakke|Magma Storm|[partiallytrapped]|[silent]\n|upkeep\n|\n|t:|1666221871\n|switch|p2a: Melmetal|Melmetal|100\/100\n|turn|21\n|\n|t:|1666221874\n|switch|p1a: Raging Drunk|Landorus-Therian, M|100\/100 slp\n|-damage|p1a: Raging Drunk|88\/100 slp|[from] Stealth Rock\n|-ability|p1a: Raging Drunk|Intimidate|boost\n|-unboost|p2a: Melmetal|atk|1\n|move|p2a: Melmetal|Double Iron Bash|p1a: Raging Drunk\n|-damage|p1a: Raging Drunk|69\/100 slp\n|-damage|p1a: Raging Drunk|48\/100 slp\n|-hitcount|p1a: Raging Drunk|2\n|\n|upkeep\n|turn|22\n|\n|t:|1666221878\n|cant|p1a: Raging Drunk|slp\n|move|p2a: Melmetal|Double Iron Bash|p1a: Raging Drunk\n|-damage|p1a: Raging Drunk|29\/100 slp\n|-damage|p1a: Raging Drunk|9\/100 slp\n|-hitcount|p1a: Raging Drunk|2\n|\n|upkeep\n|turn|23\n|\n|t:|1666221882\n|cant|p1a: Raging Drunk|slp\n|move|p2a: Melmetal|Ice Punch|p1a: Raging Drunk\n|-supereffective|p1a: Raging Drunk\n|-damage|p1a: Raging Drunk|0 fnt\n|faint|p1a: Raging Drunk\n|\n|upkeep\n|\n|t:|1666221884\n|switch|p1a: Gundari: Ryuseigun|Urshifu-Rapid-Strike, M|84\/100\n|-damage|p1a: Gundari: Ryuseigun|78\/100|[from] Stealth Rock\n|turn|24\n|\n|t:|1666221886\n|switch|p2a: Tangrowth|Tangrowth, M|100\/100\n|move|p1a: Gundari: Ryuseigun|Close Combat|p2a: Tangrowth\n|-damage|p2a: Tangrowth|53\/100\n|-unboost|p1a: Gundari: Ryuseigun|def|1\n|-unboost|p1a: Gundari: Ryuseigun|spd|1\n|-damage|p1a: Gundari: Ryuseigun|61\/100|[from] item: Rocky Helmet|[of] p2a: Tangrowth\n|\n|upkeep\n|turn|25\n|\n|t:|1666221890\n|switch|p1a: Death Destroyer|Aegislash, F|100\/100\n|-damage|p1a: Death Destroyer|94\/100|[from] Stealth Rock\n|move|p2a: Tangrowth|Giga Drain|p1a: Death Destroyer\n|-resisted|p1a: Death Destroyer\n|-damage|p1a: Death Destroyer|82\/100\n|-heal|p2a: Tangrowth|57\/100|[from] drain|[of] p1a: Death Destroyer\n|\n|upkeep\n|turn|26\n|\n|t:|1666221894\n|switch|p2a: Melmetal|Melmetal|100\/100\n|-formechange|p1a: Death Destroyer|Aegislash-Blade||[from] ability: Stance Change\n|move|p1a: Death Destroyer|Shadow Ball|p2a: Melmetal\n|-damage|p2a: Melmetal|71\/100\n|\n|upkeep\n|turn|27\n|\n|t:|1666221898\n|move|p1a: Death Destroyer|Close Combat|p2a: Melmetal\n|-supereffective|p2a: Melmetal\n|-damage|p2a: Melmetal|24\/100\n|-unboost|p1a: Death Destroyer|def|1\n|-unboost|p1a: Death Destroyer|spd|1\n|move|p2a: Melmetal|Thunder Punch|p1a: Death Destroyer\n|-damage|p1a: Death Destroyer|0 fnt\n|faint|p1a: Death Destroyer\n|\n|upkeep\n|\n|t:|1666221903\n|switch|p1a: Thieving Drunk|Dragonite, F|100\/100\n|turn|28\n|\n|t:|1666221905\n|switch|p2a: Tangrowth|Tangrowth, M|90\/100\n|move|p1a: Thieving Drunk|Dragon Dance|p1a: Thieving Drunk\n|-boost|p1a: Thieving Drunk|atk|1\n|-boost|p1a: Thieving Drunk|spe|1\n|\n|upkeep\n|turn|29\n|\n|t:|1666221909\n|move|p1a: Thieving Drunk|Dual Wingbeat|p2a: Tangrowth\n|-supereffective|p2a: Tangrowth\n|-damage|p2a: Tangrowth|55\/100\n|-damage|p1a: Thieving Drunk|84\/100|[from] item: Rocky Helmet|[of] p2a: Tangrowth\n|-supereffective|p2a: Tangrowth\n|-damage|p2a: Tangrowth|21\/100\n|-damage|p1a: Thieving Drunk|68\/100|[from] item: Rocky Helmet|[of] p2a: Tangrowth\n|-hitcount|p2a: Tangrowth|2\n|move|p2a: Tangrowth|Knock Off|p1a: Thieving Drunk\n|-damage|p1a: Thieving Drunk|45\/100\n|-enditem|p1a: Thieving Drunk|Heavy-Duty Boots|[from] move: Knock Off|[of] p2a: Tangrowth\n|\n|upkeep\n|turn|30\n|\n|t:|1666221915\n|move|p1a: Thieving Drunk|Dual Wingbeat|p2a: Tangrowth\n|-supereffective|p2a: Tangrowth\n|-crit|p2a: Tangrowth\n|-damage|p2a: Tangrowth|0 fnt\n|-damage|p1a: Thieving Drunk|29\/100|[from] item: Rocky Helmet|[of] p2a: Tangrowth\n|faint|p2a: Tangrowth\n|-hitcount|p2: Tangrowth|1\n|\n|upkeep\n|\n|t:|1666221915\n|switch|p2a: Weavile|Weavile, F|100\/100\n|-ability|p2a: Weavile|Pressure\n|turn|31\n|\n|t:|1666221918\n|move|p2a: Weavile|Ice Shard|p1a: Thieving Drunk\n|-supereffective|p1a: Thieving Drunk\n|-damage|p1a: Thieving Drunk|0 fnt\n|faint|p1a: Thieving Drunk\n|\n|upkeep\n|\n|t:|1666221920\n|switch|p1a: Gundari: Ryuseigun|Urshifu-Rapid-Strike, M|61\/100\n|-damage|p1a: Gundari: Ryuseigun|55\/100|[from] Stealth Rock\n|turn|32\n|\n|t:|1666221922\n|switch|p2a: Melmetal|Melmetal|24\/100\n|move|p1a: Gundari: Ryuseigun|Close Combat|p2a: Melmetal\n|-supereffective|p2a: Melmetal\n|-damage|p2a: Melmetal|0 fnt\n|-unboost|p1a: Gundari: Ryuseigun|def|1\n|-unboost|p1a: Gundari: Ryuseigun|spd|1\n|faint|p2a: Melmetal\n|\n|upkeep\n|\n|t:|1666221922\n|switch|p2a: Weavile|Weavile, F|100\/100\n|-ability|p2a: Weavile|Pressure\n|turn|33\n|\n|t:|1666221925\n|move|p2a: Weavile|Low Kick|p1a: Gundari: Ryuseigun\n|-damage|p1a: Gundari: Ryuseigun|0 fnt\n|faint|p1a: Gundari: Ryuseigun\n|\n|upkeep\n|\n|t:|1666221928\n|switch|p1a: Flirty Drunk|Chansey, F|73\/100\n|-damage|p1a: Flirty Drunk|61\/100|[from] Stealth Rock\n|turn|34\n|\n|t:|1666221930\n|move|p2a: Weavile|Low Kick|p1a: Flirty Drunk\n|-supereffective|p1a: Flirty Drunk\n|-crit|p1a: Flirty Drunk\n|-damage|p1a: Flirty Drunk|0 fnt\n|faint|p1a: Flirty Drunk\n|\n|upkeep\n|\n|t:|1666221933\n|switch|p1a: Horai Hakke|Tyrantrum, F|45\/100\n|-damage|p1a: Horai Hakke|32\/100|[from] Stealth Rock\n|turn|35\n|\n|t:|1666221935\n|move|p2a: Weavile|Low Kick|p1a: Horai Hakke\n|-supereffective|p1a: Horai Hakke\n|-damage|p1a: Horai Hakke|0 fnt\n|faint|p1a: Horai Hakke\n|\n|win|minimax_ai\n|raw|Raimei Hakkei 2's rating: 1571 &rarr; <strong>1550<\/strong><br \/>(-21 for losing)\n|raw|minimax_ai's rating: 1545 &rarr; <strong>1566<\/strong><br \/>(+21 for winning)\n|c|\u2606minimax_ai|gg\n","uploadtime":1666221937,"views":8,"p1id":"raimeihakkei2","p2id":"minimaxai","formatid":"gen8ou","rating":1550,"private":0,"password":null}