{"id":"gen8ou-1641897773","p1":"LT93OQ Dasmer","p2":"kinetic chain","format":"gen8ou","log":"|raw|<div class=\"broadcast-blue\"><strong>This battle is required to be public due to a player having a name starting with 'lt93oq'.<\/div>\n|j|\u2606LT93OQ Dasmer\n|j|\u203dkinetic chain\n|t:|1660761785\n|gametype|singles\n|player|p1|LT93OQ Dasmer|rei|1882\n|player|p2|kinetic chain|silver-gen2|1829\n|teamsize|p1|6\n|teamsize|p2|6\n|gen|8\n|tier|[Gen 8] OU\n|rated|\n|rule|Sleep Clause Mod: Limit one foe put to sleep\n|rule|Species Clause: Limit one of each Pok\u00e9mon\n|rule|OHKO Clause: OHKO moves are banned\n|rule|Evasion Items Clause: Evasion items are banned\n|rule|Evasion Moves Clause: Evasion moves are banned\n|rule|Endless Battle Clause: Forcing endless battles is banned\n|rule|HP Percentage Mod: HP is shown in percentages\n|rule|Dynamax Clause: You cannot dynamax\n|clearpoke\n|poke|p1|Garchomp, M|\n|poke|p1|Kartana|\n|poke|p1|Slowbro, F|\n|poke|p1|Weavile, M|\n|poke|p1|Heatran, F|\n|poke|p1|Zapdos|\n|poke|p2|Dragapult, M|\n|poke|p2|Toxapex, F|\n|poke|p2|Weavile, F|\n|poke|p2|Heatran, F|\n|poke|p2|Landorus-Therian, M|\n|poke|p2|Zapdos|\n|teampreview\n|inactive|Battle timer is ON: inactive players will automatically lose when time's up. (requested by kinetic chain)\n|\n|t:|1660761795\n|start\n|switch|p1a: Slowbro|Slowbro, F|100\/100\n|switch|p2a: Zapdos|Zapdos|100\/100\n|turn|1\n|\n|t:|1660761799\n|switch|p1a: Garchomp|Garchomp, M|100\/100\n|move|p2a: Zapdos|Toxic|p1a: Garchomp\n|-status|p1a: Garchomp|tox\n|\n|-damage|p1a: Garchomp|94\/100 tox|[from] psn\n|upkeep\n|turn|2\n|\n|t:|1660761801\n|move|p2a: Zapdos|Hurricane|p1a: Garchomp\n|-damage|p1a: Garchomp|51\/100 tox\n|-start|p1a: Garchomp|confusion\n|-activate|p1a: Garchomp|confusion\n|move|p1a: Garchomp|Stealth Rock|p2a: Zapdos\n|-sidestart|p2: kinetic chain|move: Stealth Rock\n|\n|-heal|p1a: Garchomp|57\/100 tox|[from] item: Leftovers\n|-damage|p1a: Garchomp|45\/100 tox|[from] psn\n|upkeep\n|turn|3\n|\n|t:|1660761808\n|switch|p1a: Heatran|Heatran, F|100\/100\n|move|p2a: Zapdos|Hurricane|p1a: Heatran|[miss]\n|-miss|p2a: Zapdos|p1a: Heatran\n|\n|upkeep\n|turn|4\n|\n|t:|1660761812\n|move|p2a: Zapdos|Volt Switch|p1a: Heatran\n|-damage|p1a: Heatran|75\/100\n|j| Tace\n|j| regnite \u25d5\u203f\u25d5\n|\n|t:|1660761815\n|switch|p2a: Heatran|Heatran, F|100\/100|[from]move: Volt Switch\n|-damage|p2a: Heatran|88\/100|[from] Stealth Rock\n|move|p1a: Heatran|Toxic|p2a: Heatran\n|-immune|p2a: Heatran\n|\n|-heal|p1a: Heatran|82\/100|[from] item: Leftovers\n|-heal|p2a: Heatran|94\/100|[from] item: Leftovers\n|upkeep\n|turn|5\n|\n|t:|1660761820\n|move|p1a: Heatran|Earth Power|p2a: Heatran\n|-supereffective|p2a: Heatran\n|-damage|p2a: Heatran|35\/100\n|-unboost|p2a: Heatran|spd|1\n|move|p2a: Heatran|Earth Power|p1a: Heatran\n|-supereffective|p1a: Heatran\n|-damage|p1a: Heatran|18\/100\n|\n|-heal|p1a: Heatran|25\/100|[from] item: Leftovers\n|-heal|p2a: Heatran|41\/100|[from] item: Leftovers\n|upkeep\n|turn|6\n|j| Chdgfihfd\n|j| Bushido Black\n|j| LT93OQ croo\n|\n|t:|1660761827\n|switch|p2a: Landorus|Landorus-Therian, M|100\/100\n|-damage|p2a: Landorus|88\/100|[from] Stealth Rock\n|-ability|p2a: Landorus|Intimidate|boost\n|-unboost|p1a: Heatran|atk|1\n|move|p1a: Heatran|Magma Storm|p2a: Landorus\n|-damage|p2a: Landorus|54\/100\n|-activate|p2a: Landorus|move: Magma Storm|[of] p1a: Heatran\n|\n|-heal|p2a: Landorus|60\/100|[from] item: Leftovers\n|-heal|p1a: Heatran|31\/100|[from] item: Leftovers\n|-damage|p2a: Landorus|47\/100|[from] move: Magma Storm|[partiallytrapped]\n|upkeep\n|turn|7\n|\n|t:|1660761831\n|switch|p1a: Zapdos|Zapdos|100\/100\n|move|p2a: Landorus|Stealth Rock|p1a: Zapdos\n|-sidestart|p1: LT93OQ Dasmer|move: Stealth Rock\n|\n|-heal|p2a: Landorus|53\/100|[from] item: Leftovers\n|-end|p2a: Landorus|Magma Storm|[partiallytrapped]|[silent]\n|upkeep\n|turn|8\n|j| 3d\n|\n|t:|1660761836\n|move|p1a: Zapdos|Hurricane|p2a: Landorus|[miss]\n|-miss|p1a: Zapdos|p2a: Landorus\n|move|p2a: Landorus|Toxic|p1a: Zapdos\n|-status|p1a: Zapdos|tox\n|\n|-heal|p2a: Landorus|59\/100|[from] item: Leftovers\n|-damage|p1a: Zapdos|94\/100 tox|[from] psn\n|upkeep\n|turn|9\n|\n|t:|1660761839\n|switch|p2a: Zapdos|Zapdos|100\/100\n|move|p1a: Zapdos|Hurricane|p2a: Zapdos\n|-resisted|p2a: Zapdos\n|-damage|p2a: Zapdos|76\/100\n|\n|-damage|p1a: Zapdos|82\/100 tox|[from] psn\n|upkeep\n|turn|10\n|j| LT93OQ Uxilon\n|\n|t:|1660761844\n|switch|p1a: Garchomp|Garchomp, M|45\/100 tox\n|-damage|p1a: Garchomp|39\/100 tox|[from] Stealth Rock\n|move|p2a: Zapdos|Volt Switch|p1a: Garchomp\n|-immune|p1a: Garchomp\n|\n|-heal|p1a: Garchomp|45\/100 tox|[from] item: Leftovers\n|-damage|p1a: Garchomp|39\/100 tox|[from] psn\n|upkeep\n|turn|11\n|\n|t:|1660761847\n|move|p2a: Zapdos|Hurricane|p1a: Garchomp|[miss]\n|-miss|p2a: Zapdos|p1a: Garchomp\n|move|p1a: Garchomp|Toxic|p2a: Zapdos\n|-status|p2a: Zapdos|tox\n|\n|-heal|p1a: Garchomp|45\/100 tox|[from] item: Leftovers\n|-damage|p2a: Zapdos|70\/100 tox|[from] psn\n|-damage|p1a: Garchomp|33\/100 tox|[from] psn\n|upkeep\n|turn|12\n|\n|t:|1660761849\n|move|p2a: Zapdos|Hurricane|p1a: Garchomp|[miss]\n|-miss|p2a: Zapdos|p1a: Garchomp\n|move|p1a: Garchomp|Earthquake|p2a: Zapdos\n|-immune|p2a: Zapdos\n|\n|-heal|p1a: Garchomp|39\/100 tox|[from] item: Leftovers\n|-damage|p2a: Zapdos|58\/100 tox|[from] psn\n|-damage|p1a: Garchomp|20\/100 tox|[from] psn\n|upkeep\n|turn|13\n|\n|t:|1660761854\n|move|p1a: Garchomp|Protect|p1a: Garchomp\n|-singleturn|p1a: Garchomp|Protect\n|move|p2a: Zapdos|Hurricane|p1a: Garchomp\n|-activate|p1a: Garchomp|move: Protect\n|\n|-heal|p1a: Garchomp|26\/100 tox|[from] item: Leftovers\n|-damage|p2a: Zapdos|39\/100 tox|[from] psn\n|-damage|p1a: Garchomp|2\/100 tox|[from] psn\n|upkeep\n|turn|14\n|\n|t:|1660761859\n|switch|p2a: Landorus|Landorus-Therian, M|59\/100\n|-damage|p2a: Landorus|47\/100|[from] Stealth Rock\n|-ability|p2a: Landorus|Intimidate|boost\n|-unboost|p1a: Garchomp|atk|1\n|move|p1a: Garchomp|Earthquake|p2a: Landorus\n|-immune|p2a: Landorus\n|\n|-heal|p1a: Garchomp|8\/100 tox|[from] item: Leftovers\n|-heal|p2a: Landorus|53\/100|[from] item: Leftovers\n|-damage|p1a: Garchomp|0 fnt|[from] psn\n|faint|p1a: Garchomp\n|upkeep\n|j| LT93OQ acr1\n|\n|t:|1660761868\n|switch|p1a: Weavile|Weavile, M|100\/100\n|-ability|p1a: Weavile|Pressure\n|turn|15\n|\n|t:|1660761872\n|switch|p2a: Toxapex|Toxapex, F|100\/100\n|-damage|p2a: Toxapex|88\/100|[from] Stealth Rock\n|move|p1a: Weavile|Knock Off|p2a: Toxapex\n|-damage|p2a: Toxapex|57\/100\n|-damage|p1a: Weavile|84\/100|[from] item: Rocky Helmet|[of] p2a: Toxapex\n|-enditem|p2a: Toxapex|Rocky Helmet|[from] move: Knock Off|[of] p1a: Weavile\n|\n|upkeep\n|turn|16\n|j| Corazan\n|\n|t:|1660761880\n|switch|p1a: Slowbro|Slowbro, F|100\/100\n|move|p2a: Toxapex|Toxic|p1a: Slowbro\n|-status|p1a: Slowbro|tox\n|\n|-damage|p1a: Slowbro|94\/100 tox|[from] psn\n|upkeep\n|turn|17\n|\n|t:|1660761883\n|move|p2a: Toxapex|Knock Off|p1a: Slowbro\n|-supereffective|p1a: Slowbro\n|-damage|p1a: Slowbro|77\/100 tox\n|-enditem|p1a: Slowbro|Heavy-Duty Boots|[from] move: Knock Off|[of] p2a: Toxapex\n|move|p1a: Slowbro|Scald|p2a: Toxapex\n|-resisted|p2a: Toxapex\n|-damage|p2a: Toxapex|46\/100\n|-status|p2a: Toxapex|brn\n|\n|-damage|p1a: Slowbro|64\/100 tox|[from] psn\n|-damage|p2a: Toxapex|40\/100 brn|[from] brn\n|upkeep\n|turn|18\n|\n|t:|1660761887\n|switch|p2a: Zapdos|Zapdos|39\/100 tox\n|move|p1a: Slowbro|Scald|p2a: Zapdos\n|-damage|p2a: Zapdos|8\/100 tox\n|\n|-damage|p2a: Zapdos|2\/100 tox|[from] psn\n|-damage|p1a: Slowbro|46\/100 tox|[from] psn\n|upkeep\n|turn|19\n|\n|t:|1660761891\n|move|p2a: Zapdos|Volt Switch|p1a: Slowbro\n|-supereffective|p1a: Slowbro\n|-damage|p1a: Slowbro|0 fnt\n|faint|p1a: Slowbro\n|\n|t:|1660761898\n|switch|p2a: Toxapex|Toxapex, F|73\/100 brn|[from]move: Volt Switch\n|-damage|p2a: Toxapex|61\/100 brn|[from] Stealth Rock\n|\n|-damage|p2a: Toxapex|55\/100 brn|[from] brn\n|upkeep\n|j| lilanimegirl\n|j| RaiZen1704\n|\n|t:|1660761903\n|switch|p1a: Kartana|Kartana|100\/100\n|-damage|p1a: Kartana|94\/100|[from] Stealth Rock\n|turn|20\n|\n|t:|1660761906\n|move|p1a: Kartana|Leaf Blade|p2a: Toxapex\n|-damage|p2a: Toxapex|0 fnt\n|faint|p2a: Toxapex\n|-ability|p1a: Kartana|Beast Boost|boost\n|-boost|p1a: Kartana|atk|1\n|\n|upkeep\n|\n|t:|1660761911\n|switch|p2a: Dragapult|Dragapult, M|100\/100\n|-damage|p2a: Dragapult|88\/100|[from] Stealth Rock\n|turn|21\n|\n|t:|1660761914\n|switch|p1a: Zapdos|Zapdos|82\/100 tox\n|move|p2a: Dragapult|Shadow Ball|p1a: Zapdos\n|-damage|p1a: Zapdos|35\/100 tox\n|\n|-damage|p1a: Zapdos|29\/100 tox|[from] psn\n|upkeep\n|turn|22\n|\n|t:|1660761923\n|move|p2a: Dragapult|Shadow Ball|p1a: Zapdos\n|-damage|p1a: Zapdos|0 fnt\n|faint|p1a: Zapdos\n|\n|upkeep\n|\n|t:|1660761924\n|switch|p1a: Weavile|Weavile, M|84\/100\n|-ability|p1a: Weavile|Pressure\n|turn|23\n|\n|t:|1660761930\n|move|p2a: Dragapult|Shadow Ball|p1a: Weavile\n|-resisted|p1a: Weavile\n|-damage|p1a: Weavile|49\/100\n|-unboost|p1a: Weavile|spd|1\n|move|p1a: Weavile|Knock Off|p2a: Dragapult\n|-supereffective|p2a: Dragapult\n|-damage|p2a: Dragapult|0 fnt\n|-enditem|p2a: Dragapult|Choice Specs|[from] move: Knock Off|[of] p1a: Weavile\n|faint|p2a: Dragapult\n|\n|upkeep\n|j| LT93OQ Highv0ltag3\n|j| Luthier\n|\n|t:|1660761939\n|switch|p2a: Weavile|Weavile, F|100\/100\n|turn|24\n|\n|t:|1660761943\n|move|p2a: Weavile|Swords Dance|p2a: Weavile\n|-boost|p2a: Weavile|atk|2\n|move|p1a: Weavile|Triple Axel|p2a: Weavile\n|-resisted|p2a: Weavile\n|-damage|p2a: Weavile|92\/100\n|-resisted|p2a: Weavile\n|-damage|p2a: Weavile|75\/100\n|-hitcount|p2a: Weavile|2\n|\n|upkeep\n|turn|25\n|\n|t:|1660761948\n|switch|p1a: Heatran|Heatran, F|31\/100\n|-damage|p1a: Heatran|18\/100|[from] Stealth Rock\n|move|p2a: Weavile|Knock Off|p1a: Heatran\n|-crit|p1a: Heatran\n|-damage|p1a: Heatran|0 fnt\n|-enditem|p1a: Heatran|Leftovers|[from] move: Knock Off|[of] p2a: Weavile\n|faint|p1a: Heatran\n|\n|upkeep\n|\n|t:|1660761951\n|switch|p1a: Weavile|Weavile, M|49\/100\n|-ability|p1a: Weavile|Pressure\n|turn|26\n|\n|t:|1660761953\n|move|p2a: Weavile|Knock Off|p1a: Weavile\n|-resisted|p1a: Weavile\n|-damage|p1a: Weavile|0 fnt\n|-enditem|p1a: Weavile|Heavy-Duty Boots|[from] move: Knock Off|[of] p2a: Weavile\n|faint|p1a: Weavile\n|\n|upkeep\n|-message|LT93OQ Dasmer forfeited.\n|\n|win|kinetic chain\n|raw|LT93OQ Dasmer's rating: 1882 &rarr; <strong>1859<\/strong><br \/>(-23 for losing)\n|raw|kinetic chain's rating: 1829 &rarr; <strong>1852<\/strong><br \/>(+23 for winning)\n|l|\u203dkinetic chain\n|l| LT93OQ Uxilon\n|l|\u2606LT93OQ Dasmer\n","uploadtime":1660761967,"views":92,"p1id":"lt93oqdasmer","p2id":"kineticchain","formatid":"gen8ou","rating":1852,"private":0,"password":null}