{"id":"gen8ou-1649555518","p1":"Buhrito","p2":"LT94JE Starmind","format":"gen8ou","log":"|raw|<div class=\"broadcast-blue\"><strong>This battle is required to be public due to a player having a name starting with 'lt94je'.<\/div>\n|j|\u2606Buhrito\n|j|\u2606LT94JE Starmind\n|t:|1661612327\n|gametype|singles\n|player|p1|Buhrito|youngster-gen4dp|1674\n|player|p2|LT94JE Starmind|1|1764\n|teamsize|p1|6\n|teamsize|p2|6\n|gen|8\n|tier|[Gen 8] OU\n|rated|\n|rule|Sleep Clause Mod: Limit one foe put to sleep\n|rule|Species Clause: Limit one of each Pok\u00e9mon\n|rule|OHKO Clause: OHKO moves are banned\n|rule|Evasion Items Clause: Evasion items are banned\n|rule|Evasion Moves Clause: Evasion moves are banned\n|rule|Endless Battle Clause: Forcing endless battles is banned\n|rule|HP Percentage Mod: HP is shown in percentages\n|rule|Dynamax Clause: You cannot dynamax\n|clearpoke\n|poke|p1|Slowking, M|\n|poke|p1|Buzzwole|\n|poke|p1|Garchomp, F|\n|poke|p1|Tornadus-Therian, M|\n|poke|p1|Melmetal|\n|poke|p1|Tapu Koko|\n|poke|p2|Tapu Lele|\n|poke|p2|Blacephalon|\n|poke|p2|Tyranitar, M|\n|poke|p2|Landorus-Therian, M|\n|poke|p2|Corviknight, M|\n|poke|p2|Toxapex, F|\n|teampreview\n|inactive|Battle timer is ON: inactive players will automatically lose when time's up. (requested by LT94JE Starmind)\n|\n|t:|1661612354\n|start\n|switch|p1a: Tornadus|Tornadus-Therian, M|100\/100\n|switch|p2a: Landorus|Landorus-Therian, M|100\/100\n|-ability|p2a: Landorus|Intimidate|boost\n|-unboost|p1a: Tornadus|atk|1\n|turn|1\n|\n|t:|1661612359\n|switch|p2a: Toxapex|Toxapex, F|100\/100\n|move|p1a: Tornadus|Knock Off|p2a: Toxapex\n|-damage|p2a: Toxapex|92\/100\n|-enditem|p2a: Toxapex|Eject Button|[from] move: Knock Off|[of] p1a: Tornadus\n|\n|upkeep\n|turn|2\n|\n|t:|1661612365\n|move|p1a: Tornadus|U-turn|p2a: Toxapex\n|-resisted|p2a: Toxapex\n|-damage|p2a: Toxapex|89\/100\n|\n|t:|1661612367\n|switch|p1a: Slowking|Slowking, M|100\/100|[from]move: U-turn\n|move|p2a: Toxapex|Knock Off|p1a: Slowking\n|-supereffective|p1a: Slowking\n|-damage|p1a: Slowking|70\/100\n|-enditem|p1a: Slowking|Heavy-Duty Boots|[from] move: Knock Off|[of] p2a: Toxapex\n|\n|upkeep\n|turn|3\n|\n|t:|1661612370\n|switch|p2a: Tyranitar|Tyranitar, M|100\/100\n|-weather|Sandstorm|[from] ability: Sand Stream|[of] p2a: Tyranitar\n|move|p1a: Slowking|Future Sight|p2a: Tyranitar\n|-start|p1a: Slowking|move: Future Sight\n|\n|-weather|Sandstorm|[upkeep]\n|-damage|p1a: Slowking|63\/100|[from] Sandstorm\n|upkeep\n|turn|4\n|\n|t:|1661612378\n|switch|p1a: Buzzwole|Buzzwole|100\/100\n|move|p2a: Tyranitar|Fire Punch|p1a: Buzzwole\n|-supereffective|p1a: Buzzwole\n|-damage|p1a: Buzzwole|41\/100\n|\n|-weather|Sandstorm|[upkeep]\n|-damage|p1a: Buzzwole|35\/100|[from] Sandstorm\n|upkeep\n|turn|5\n|\n|t:|1661612385\n|switch|p2a: Corviknight|Corviknight, M|100\/100\n|-ability|p2a: Corviknight|Pressure\n|move|p1a: Buzzwole|Close Combat|p2a: Corviknight\n|-damage|p2a: Corviknight|36\/100\n|-unboost|p1a: Buzzwole|def|1\n|-unboost|p1a: Buzzwole|spd|1\n|-damage|p1a: Buzzwole|18\/100|[from] item: Rocky Helmet|[of] p2a: Corviknight\n|\n|-weather|Sandstorm|[upkeep]\n|-damage|p1a: Buzzwole|12\/100|[from] Sandstorm\n|-end|p2a: Corviknight|move: Future Sight\n|-resisted|p2a: Corviknight\n|-damage|p2a: Corviknight|18\/100\n|upkeep\n|turn|6\n|\n|t:|1661612394\n|move|p1a: Buzzwole|Close Combat|p2a: Corviknight\n|-damage|p2a: Corviknight|0 fnt\n|-unboost|p1a: Buzzwole|def|1\n|-unboost|p1a: Buzzwole|spd|1\n|-damage|p1a: Buzzwole|0 fnt|[from] item: Rocky Helmet|[of] p2a: Corviknight\n|faint|p2a: Corviknight\n|faint|p1a: Buzzwole\n|\n|-weather|Sandstorm|[upkeep]\n|upkeep\n|\n|t:|1661612405\n|switch|p1a: Garchomp|Garchomp, F|100\/100\n|switch|p2a: Landorus|Landorus-Therian, M|100\/100\n|-ability|p2a: Landorus|Intimidate|boost\n|-unboost|p1a: Garchomp|atk|1\n|turn|7\n|\n|t:|1661612412\n|move|p1a: Garchomp|Toxic|p2a: Landorus\n|-status|p2a: Landorus|tox\n|move|p2a: Landorus|Stealth Rock|p1a: Garchomp\n|-sidestart|p1: Buhrito|move: Stealth Rock\n|\n|-weather|none\n|-damage|p2a: Landorus|94\/100 tox|[from] psn\n|upkeep\n|turn|8\n|\n|t:|1661612416\n|move|p1a: Garchomp|Protect|p1a: Garchomp\n|-singleturn|p1a: Garchomp|Protect\n|move|p2a: Landorus|Earthquake|p1a: Garchomp\n|-activate|p1a: Garchomp|move: Protect\n|\n|-heal|p2a: Landorus|100\/100 tox|[from] item: Leftovers\n|-damage|p2a: Landorus|88\/100 tox|[from] psn\n|upkeep\n|turn|9\n|\n|t:|1661612421\n|switch|p2a: Tapu Lele|Tapu Lele|100\/100\n|-fieldstart|move: Psychic Terrain|[from] ability: Psychic Surge|[of] p2a: Tapu Lele\n|move|p1a: Garchomp|Stealth Rock|p2a: Tapu Lele\n|-sidestart|p2: LT94JE Starmind|move: Stealth Rock\n|\n|upkeep\n|turn|10\n|\n|t:|1661612424\n|move|p1a: Garchomp|Protect|p1a: Garchomp\n|-singleturn|p1a: Garchomp|Protect\n|move|p2a: Tapu Lele|Moonblast|p1a: Garchomp\n|-activate|p1a: Garchomp|move: Protect\n|\n|upkeep\n|turn|11\n|\n|t:|1661612428\n|switch|p2a: Blacephalon|Blacephalon|100\/100\n|-damage|p2a: Blacephalon|76\/100|[from] Stealth Rock\n|switch|p1a: Slowking|Slowking, M|97\/100\n|-damage|p1a: Slowking|84\/100|[from] Stealth Rock\n|\n|upkeep\n|turn|12\n|\n|t:|1661612455\n|switch|p1a: Tornadus|Tornadus-Therian, M|100\/100\n|move|p2a: Blacephalon|Shadow Ball|p1a: Tornadus\n|-damage|p1a: Tornadus|35\/100\n|\n|upkeep\n|turn|13\n|\n|t:|1661612467\n|switch|p2a: Toxapex|Toxapex, F|100\/100\n|-damage|p2a: Toxapex|88\/100|[from] Stealth Rock\n|move|p1a: Tornadus|U-turn|p2a: Toxapex\n|-resisted|p2a: Toxapex\n|-damage|p2a: Toxapex|83\/100\n|\n|t:|1661612474\n|switch|p1a: Garchomp|Garchomp, F|100\/100|[from]move: U-turn\n|-damage|p1a: Garchomp|94\/100|[from] Stealth Rock\n|\n|-heal|p1a: Garchomp|100\/100|[from] item: Leftovers\n|-fieldend|move: Psychic Terrain\n|upkeep\n|turn|14\n|\n|t:|1661612484\n|move|p1a: Garchomp|Earthquake|p2a: Toxapex\n|-supereffective|p2a: Toxapex\n|-damage|p2a: Toxapex|27\/100\n|move|p2a: Toxapex|Recover|p2a: Toxapex\n|-heal|p2a: Toxapex|77\/100\n|\n|upkeep\n|turn|15\n|\n|t:|1661612492\n|switch|p2a: Landorus|Landorus-Therian, M|88\/100 tox\n|-damage|p2a: Landorus|76\/100 tox|[from] Stealth Rock\n|-ability|p2a: Landorus|Intimidate|boost\n|-unboost|p1a: Garchomp|atk|1\n|move|p1a: Garchomp|Earthquake|p2a: Landorus\n|-immune|p2a: Landorus\n|\n|-heal|p2a: Landorus|82\/100 tox|[from] item: Leftovers\n|-damage|p2a: Landorus|76\/100 tox|[from] psn\n|upkeep\n|turn|16\n|\n|t:|1661612496\n|switch|p2a: Tapu Lele|Tapu Lele|100\/100\n|-damage|p2a: Tapu Lele|88\/100|[from] Stealth Rock\n|-fieldstart|move: Psychic Terrain|[from] ability: Psychic Surge|[of] p2a: Tapu Lele\n|move|p1a: Garchomp|Protect||[still]\n|-fail|p1a: Garchomp\n|\n|upkeep\n|turn|17\n|\n|t:|1661612500\n|move|p1a: Garchomp|Protect|p1a: Garchomp\n|-singleturn|p1a: Garchomp|Protect\n|move|p2a: Tapu Lele|Moonblast|p1a: Garchomp\n|-activate|p1a: Garchomp|move: Protect\n|\n|upkeep\n|turn|18\n|\n|t:|1661612509\n|switch|p2a: Blacephalon|Blacephalon|76\/100\n|-damage|p2a: Blacephalon|51\/100|[from] Stealth Rock\n|switch|p1a: Tornadus|Tornadus-Therian, M|68\/100\n|\n|upkeep\n|turn|19\n|\n|t:|1661612518\n|switch|p2a: Toxapex|Toxapex, F|100\/100\n|-damage|p2a: Toxapex|88\/100|[from] Stealth Rock\n|move|p1a: Tornadus|Knock Off|p2a: Toxapex\n|-damage|p2a: Toxapex|80\/100\n|\n|upkeep\n|turn|20\n|\n|t:|1661612524\n|move|p1a: Tornadus|U-turn|p2a: Toxapex\n|-resisted|p2a: Toxapex\n|-damage|p2a: Toxapex|75\/100\n|\n|t:|1661612526\n|switch|p1a: Slowking|Slowking, M|100\/100|[from]move: U-turn\n|-damage|p1a: Slowking|88\/100|[from] Stealth Rock\n|move|p2a: Toxapex|Knock Off|p1a: Slowking\n|-supereffective|p1a: Slowking\n|-damage|p1a: Slowking|68\/100\n|\n|-fieldend|move: Psychic Terrain\n|upkeep\n|turn|21\n|\n|t:|1661612533\n|switch|p2a: Tyranitar|Tyranitar, M|100\/100\n|-damage|p2a: Tyranitar|88\/100|[from] Stealth Rock\n|-weather|Sandstorm|[from] ability: Sand Stream|[of] p2a: Tyranitar\n|move|p1a: Slowking|Teleport|p1a: Slowking\n|\n|t:|1661612535\n|switch|p1a: Garchomp|Garchomp, F|100\/100|[from]move: Teleport\n|-damage|p1a: Garchomp|94\/100|[from] Stealth Rock\n|\n|-weather|Sandstorm|[upkeep]\n|-heal|p1a: Garchomp|100\/100|[from] item: Leftovers\n|upkeep\n|turn|22\n|\n|t:|1661612539\n|switch|p2a: Landorus|Landorus-Therian, M|76\/100 tox\n|-damage|p2a: Landorus|64\/100 tox|[from] Stealth Rock\n|-ability|p2a: Landorus|Intimidate|boost\n|-unboost|p1a: Garchomp|atk|1\n|move|p1a: Garchomp|Earthquake|p2a: Landorus\n|-immune|p2a: Landorus\n|\n|-weather|Sandstorm|[upkeep]\n|-heal|p2a: Landorus|70\/100 tox|[from] item: Leftovers\n|-damage|p2a: Landorus|64\/100 tox|[from] psn\n|upkeep\n|turn|23\n|\n|t:|1661612544\n|switch|p1a: Tornadus|Tornadus-Therian, M|100\/100\n|move|p2a: Landorus|Earthquake|p1a: Tornadus\n|-immune|p1a: Tornadus\n|\n|-weather|Sandstorm|[upkeep]\n|-damage|p1a: Tornadus|94\/100|[from] Sandstorm\n|-heal|p2a: Landorus|70\/100 tox|[from] item: Leftovers\n|-damage|p2a: Landorus|58\/100 tox|[from] psn\n|upkeep\n|turn|24\n|\n|t:|1661612549\n|move|p1a: Tornadus|Knock Off|p2a: Landorus\n|-damage|p2a: Landorus|39\/100 tox\n|-enditem|p2a: Landorus|Leftovers|[from] move: Knock Off|[of] p1a: Tornadus\n|move|p2a: Landorus|U-turn|p1a: Tornadus\n|-resisted|p1a: Tornadus\n|-crit|p1a: Tornadus\n|-damage|p1a: Tornadus|76\/100\n|\n|t:|1661612553\n|switch|p2a: Tyranitar|Tyranitar, M|88\/100|[from]move: U-turn\n|-damage|p2a: Tyranitar|76\/100|[from] Stealth Rock\n|\n|-weather|Sandstorm|[upkeep]\n|-damage|p1a: Tornadus|70\/100|[from] Sandstorm\n|upkeep\n|turn|25\n|\n|t:|1661612558\n|move|p1a: Tornadus|U-turn|p2a: Tyranitar\n|-supereffective|p2a: Tyranitar\n|-damage|p2a: Tyranitar|48\/100\n|\n|t:|1661612580\n|switch|p1a: Melmetal|Melmetal|100\/100|[from]move: U-turn\n|-damage|p1a: Melmetal|94\/100|[from] Stealth Rock\n|move|p2a: Tyranitar|Crunch|p1a: Melmetal\n|-damage|p1a: Melmetal|59\/100\n|\n|-weather|none\n|-heal|p1a: Melmetal|65\/100|[from] item: Leftovers\n|upkeep\n|turn|26\n|\n|t:|1661612589\n|switch|p2a: Toxapex|Toxapex, F|100\/100\n|-damage|p2a: Toxapex|88\/100|[from] Stealth Rock\n|move|p1a: Melmetal|Thunder Wave|p2a: Toxapex\n|-status|p2a: Toxapex|par\n|\n|-heal|p1a: Melmetal|71\/100|[from] item: Leftovers\n|upkeep\n|turn|27\n|\n|t:|1661612598\n|move|p1a: Melmetal|Protect|p1a: Melmetal\n|-singleturn|p1a: Melmetal|Protect\n|move|p2a: Toxapex|Knock Off|p1a: Melmetal\n|-activate|p1a: Melmetal|move: Protect\n|\n|-heal|p1a: Melmetal|77\/100|[from] item: Leftovers\n|upkeep\n|turn|28\n|\n|t:|1661612602\n|switch|p1a: Slowking|Slowking, M|100\/100\n|-damage|p1a: Slowking|88\/100|[from] Stealth Rock\n|move|p2a: Toxapex|Knock Off|p1a: Slowking\n|-supereffective|p1a: Slowking\n|-damage|p1a: Slowking|66\/100\n|\n|upkeep\n|turn|29\n|\n|t:|1661612606\n|move|p2a: Toxapex|Poison Jab|p1a: Slowking\n|-damage|p1a: Slowking|46\/100\n|-status|p1a: Slowking|psn\n|move|p1a: Slowking|Teleport|p1a: Slowking\n|\n|t:|1661612611\n|switch|p1a: Garchomp|Garchomp, F|100\/100|[from]move: Teleport\n|-damage|p1a: Garchomp|94\/100|[from] Stealth Rock\n|\n|-heal|p1a: Garchomp|100\/100|[from] item: Leftovers\n|upkeep\n|turn|30\n|\n|t:|1661612614\n|move|p1a: Garchomp|Earthquake|p2a: Toxapex\n|-supereffective|p2a: Toxapex\n|-damage|p2a: Toxapex|36\/100 par\n|cant|p2a: Toxapex|par\n|\n|upkeep\n|turn|31\n|\n|t:|1661612620\n|switch|p1a: Slowking|Slowking, M|79\/100 psn\n|-damage|p1a: Slowking|66\/100 psn|[from] Stealth Rock\n|switch|p2a: Landorus|Landorus-Therian, M|39\/100 tox\n|-damage|p2a: Landorus|26\/100 tox|[from] Stealth Rock\n|-ability|p2a: Landorus|Intimidate|boost\n|-unboost|p1a: Slowking|atk|1\n|\n|-damage|p2a: Landorus|20\/100 tox|[from] psn\n|-damage|p1a: Slowking|54\/100 psn|[from] psn\n|upkeep\n|turn|32\n|\n|t:|1661612624\n|switch|p1a: Tornadus|Tornadus-Therian, M|100\/100\n|move|p2a: Landorus|U-turn|p1a: Tornadus\n|-resisted|p1a: Tornadus\n|-damage|p1a: Tornadus|88\/100\n|\n|t:|1661612628\n|switch|p2a: Tapu Lele|Tapu Lele|88\/100|[from]move: U-turn\n|-damage|p2a: Tapu Lele|76\/100|[from] Stealth Rock\n|-fieldstart|move: Psychic Terrain|[from] ability: Psychic Surge|[of] p2a: Tapu Lele\n|\n|upkeep\n|turn|33\n|\n|t:|1661612635\n|move|p2a: Tapu Lele|Future Sight|p1a: Tornadus\n|-start|p2a: Tapu Lele|move: Future Sight\n|move|p1a: Tornadus|Knock Off|p2a: Tapu Lele\n|-crit|p2a: Tapu Lele\n|-damage|p2a: Tapu Lele|32\/100\n|-enditem|p2a: Tapu Lele|Choice Scarf|[from] move: Knock Off|[of] p1a: Tornadus\n|\n|upkeep\n|turn|34\n|\n|t:|1661612644\n|move|p1a: Tornadus|Knock Off|p2a: Tapu Lele\n|-damage|p2a: Tapu Lele|12\/100\n|move|p2a: Tapu Lele|Moonblast|p1a: Tornadus\n|-damage|p1a: Tornadus|36\/100\n|\n|upkeep\n|turn|35\n|-message|LT94JE Starmind forfeited.\n|\n|win|Buhrito\n|raw|Buhrito's rating: 1674 &rarr; <strong>1699<\/strong><br \/>(+25 for winning)\n|raw|LT94JE Starmind's rating: 1764 &rarr; <strong>1739<\/strong><br \/>(-25 for losing)\n|l|\u2606LT94JE Starmind\n||Ladder isn't responding, score probably updated but might not have (Request timeout).\n","uploadtime":1661612657,"views":39,"p1id":"buhrito","p2id":"lt94jestarmind","formatid":"gen8ou","rating":1699,"private":0,"password":null}