{"id":"gen8ou-1656041583","p1":"lebanesestinker","p2":"minimax_ai","format":"gen8ou","log":"|j|\u2606lebanesestinker\n|j|\u2606minimax_ai\n|t:|1662314362\n|gametype|singles\n|player|p1|lebanesestinker|li|1613\n|player|p2|minimax_ai|lusamine-nihilego|1508\n|teamsize|p1|6\n|teamsize|p2|6\n|gen|8\n|tier|[Gen 8] OU\n|rated|\n|rule|Sleep Clause Mod: Limit one foe put to sleep\n|rule|Species Clause: Limit one of each Pok\u00e9mon\n|rule|OHKO Clause: OHKO moves are banned\n|rule|Evasion Items Clause: Evasion items are banned\n|rule|Evasion Moves Clause: Evasion moves are banned\n|rule|Endless Battle Clause: Forcing endless battles is banned\n|rule|HP Percentage Mod: HP is shown in percentages\n|rule|Dynamax Clause: You cannot dynamax\n|clearpoke\n|poke|p1|Tapu Koko|\n|poke|p1|Hawlucha, F|\n|poke|p1|Blaziken, F|\n|poke|p1|Zapdos-Galar|\n|poke|p1|Volcarona, M|\n|poke|p1|Mew|\n|poke|p2|Rotom-Wash|\n|poke|p2|Weavile, M|\n|poke|p2|Landorus-Therian, M|\n|poke|p2|Heatran, M|\n|poke|p2|Tangrowth, F|\n|poke|p2|Melmetal|\n|teampreview\n|\n|t:|1662314365\n|start\n|switch|p1a: Tapu Koko|Tapu Koko|100\/100\n|switch|p2a: rotomwash|Rotom-Wash|100\/100\n|-fieldstart|move: Electric Terrain|[from] ability: Electric Surge|[of] p1a: Tapu Koko\n|turn|1\n|inactive|Battle timer is ON: inactive players will automatically lose when time's up. (requested by lebanesestinker)\n|c|\u2606minimax_ai|hf\n|inactive|minimax_ai also wants the timer to be on.\n|\n|t:|1662314374\n|move|p1a: Tapu Koko|Reflect|p1a: Tapu Koko\n|-sidestart|p1: lebanesestinker|Reflect\n|move|p2a: rotomwash|Hydro Pump|p1a: Tapu Koko\n|-damage|p1a: Tapu Koko|48\/100\n|\n|upkeep\n|turn|2\n|\n|t:|1662314377\n|move|p1a: Tapu Koko|Light Screen|p1a: Tapu Koko\n|-sidestart|p1: lebanesestinker|move: Light Screen\n|move|p2a: rotomwash|Hydro Pump|p1a: Tapu Koko|[miss]\n|-miss|p2a: rotomwash|p1a: Tapu Koko\n|\n|upkeep\n|turn|3\n|\n|t:|1662314380\n|move|p1a: Tapu Koko|U-turn|p2a: rotomwash\n|-damage|p2a: rotomwash|81\/100\n|j| Rubiaa\n|\n|t:|1662314395\n|switch|p1a: Mew|Mew|100\/100|[from]move: U-turn\n|move|p2a: rotomwash|Hydro Pump|p1a: Mew\n|-damage|p1a: Mew|82\/100\n|\n|-heal|p1a: Mew|88\/100|[from] item: Leftovers\n|-heal|p2a: rotomwash|88\/100|[from] item: Leftovers\n|upkeep\n|turn|4\n|\n|t:|1662314411\n|switch|p1a: Tapu Koko|Tapu Koko|48\/100\n|move|p2a: rotomwash|Thunderbolt|p1a: Tapu Koko\n|-resisted|p1a: Tapu Koko\n|-damage|p1a: Tapu Koko|37\/100\n|\n|-heal|p2a: rotomwash|94\/100|[from] item: Leftovers\n|upkeep\n|turn|5\n|\n|t:|1662314416\n|move|p1a: Tapu Koko|U-turn|p2a: rotomwash\n|-damage|p2a: rotomwash|74\/100\n|\n|t:|1662314418\n|switch|p1a: Mew|Mew|88\/100|[from]move: U-turn\n|move|p2a: rotomwash|Hydro Pump|p1a: Mew\n|-damage|p1a: Mew|70\/100\n|\n|-heal|p1a: Mew|76\/100|[from] item: Leftovers\n|-heal|p2a: rotomwash|80\/100|[from] item: Leftovers\n|-fieldend|move: Electric Terrain\n|upkeep\n|turn|6\n|\n|t:|1662314421\n|move|p1a: Mew|Roost|p1a: Mew\n|-heal|p1a: Mew|100\/100\n|-singleturn|p1a: Mew|move: Roost\n|move|p2a: rotomwash|Thunderbolt|p1a: Mew\n|-damage|p1a: Mew|85\/100\n|\n|-heal|p1a: Mew|91\/100|[from] item: Leftovers\n|-heal|p2a: rotomwash|86\/100|[from] item: Leftovers\n|upkeep\n|turn|7\n|\n|t:|1662314424\n|move|p1a: Mew|Cosmic Power|p1a: Mew\n|-boost|p1a: Mew|def|1\n|-boost|p1a: Mew|spd|1\n|move|p2a: rotomwash|Thunderbolt|p1a: Mew\n|-damage|p1a: Mew|80\/100\n|\n|-heal|p1a: Mew|87\/100|[from] item: Leftovers\n|-heal|p2a: rotomwash|92\/100|[from] item: Leftovers\n|upkeep\n|turn|8\n|\n|t:|1662314427\n|move|p1a: Mew|Cosmic Power|p1a: Mew\n|-boost|p1a: Mew|def|1\n|-boost|p1a: Mew|spd|1\n|move|p2a: rotomwash|Nasty Plot|p2a: rotomwash\n|-boost|p2a: rotomwash|spa|2\n|\n|-heal|p1a: Mew|93\/100|[from] item: Leftovers\n|-heal|p2a: rotomwash|99\/100|[from] item: Leftovers\n|-sideend|p1: lebanesestinker|Reflect\n|upkeep\n|turn|9\n|\n|t:|1662314429\n|move|p1a: Mew|Cosmic Power|p1a: Mew\n|-boost|p1a: Mew|def|1\n|-boost|p1a: Mew|spd|1\n|move|p2a: rotomwash|Nasty Plot|p2a: rotomwash\n|-boost|p2a: rotomwash|spa|2\n|\n|-heal|p1a: Mew|99\/100|[from] item: Leftovers\n|-heal|p2a: rotomwash|100\/100|[from] item: Leftovers\n|-sideend|p1: lebanesestinker|move: Light Screen\n|upkeep\n|turn|10\n|\n|t:|1662314431\n|move|p1a: Mew|Cosmic Power|p1a: Mew\n|-boost|p1a: Mew|def|1\n|-boost|p1a: Mew|spd|1\n|move|p2a: rotomwash|Thunderbolt|p1a: Mew\n|-damage|p1a: Mew|66\/100\n|\n|-heal|p1a: Mew|73\/100|[from] item: Leftovers\n|upkeep\n|turn|11\n|\n|t:|1662314457\n|move|p1a: Mew|Stored Power|p2a: rotomwash\n|-damage|p2a: rotomwash|40\/100\n|move|p2a: rotomwash|Pain Split|p1a: Mew\n|-sethp|p1a: Mew|51\/100|[from] move: Pain Split|[silent]\n|-sethp|p2a: rotomwash|68\/100|[from] move: Pain Split\n|\n|-heal|p1a: Mew|57\/100|[from] item: Leftovers\n|-heal|p2a: rotomwash|74\/100|[from] item: Leftovers\n|upkeep\n|turn|12\n|\n|t:|1662314462\n|switch|p2a: landorustherian|Landorus-Therian, M|100\/100\n|-ability|p2a: landorustherian|Intimidate|boost\n|-unboost|p1a: Mew|atk|1\n|move|p1a: Mew|Roost|p1a: Mew\n|-heal|p1a: Mew|100\/100\n|-singleturn|p1a: Mew|move: Roost\n|\n|upkeep\n|turn|13\n|\n|t:|1662314464\n|move|p1a: Mew|Stored Power|p2a: landorustherian\n|-damage|p2a: landorustherian|57\/100\n|move|p2a: landorustherian|Toxic|p1a: Mew\n|-status|p1a: Mew|tox\n|-activate|p1a: Mew|ability: Synchronize\n|-status|p2a: landorustherian|tox\n|\n|-heal|p2a: landorustherian|63\/100 tox|[from] item: Leftovers\n|-damage|p1a: Mew|94\/100 tox|[from] psn\n|-damage|p2a: landorustherian|57\/100 tox|[from] psn\n|upkeep\n|turn|14\n|\n|t:|1662314468\n|switch|p2a: Tangrowth|Tangrowth, F|100\/100\n|move|p1a: Mew|Cosmic Power|p1a: Mew\n|-boost|p1a: Mew|def|1\n|-boost|p1a: Mew|spd|1\n|\n|-heal|p1a: Mew|100\/100 tox|[from] item: Leftovers\n|-damage|p1a: Mew|88\/100 tox|[from] psn\n|upkeep\n|turn|15\n|\n|t:|1662314469\n|move|p1a: Mew|Stored Power|p2a: Tangrowth\n|-damage|p2a: Tangrowth|0 fnt\n|faint|p2a: Tangrowth\n|\n|-heal|p1a: Mew|94\/100 tox|[from] item: Leftovers\n|-damage|p1a: Mew|76\/100 tox|[from] psn\n|upkeep\n|\n|t:|1662314470\n|switch|p2a: rotomwash|Rotom-Wash|74\/100\n|turn|16\n|\n|t:|1662314472\n|move|p1a: Mew|Stored Power|p2a: rotomwash\n|-damage|p2a: rotomwash|0 fnt\n|faint|p2a: rotomwash\n|\n|-heal|p1a: Mew|82\/100 tox|[from] item: Leftovers\n|-damage|p1a: Mew|57\/100 tox|[from] psn\n|upkeep\n|\n|t:|1662314472\n|switch|p2a: landorustherian|Landorus-Therian, M|57\/100 tox\n|-ability|p2a: landorustherian|Intimidate|boost\n|-unboost|p1a: Mew|atk|1\n|turn|17\n|\n|t:|1662314475\n|move|p1a: Mew|Stored Power|p2a: landorustherian\n|-damage|p2a: landorustherian|0 fnt\n|faint|p2a: landorustherian\n|\n|-heal|p1a: Mew|63\/100 tox|[from] item: Leftovers\n|-damage|p1a: Mew|32\/100 tox|[from] psn\n|upkeep\n|\n|t:|1662314475\n|switch|p2a: Weavile|Weavile, M|100\/100\n|-ability|p2a: Weavile|Pressure\n|turn|18\n|\n|t:|1662314477\n|move|p2a: Weavile|Knock Off|p1a: Mew\n|-supereffective|p1a: Mew\n|-damage|p1a: Mew|0 fnt\n|-enditem|p1a: Mew|Leftovers|[from] move: Knock Off|[of] p2a: Weavile\n|faint|p1a: Mew\n|\n|upkeep\n|\n|t:|1662314482\n|switch|p1a: Tapu Koko|Tapu Koko|37\/100\n|-fieldstart|move: Electric Terrain|[from] ability: Electric Surge|[of] p1a: Tapu Koko\n|turn|19\n|\n|t:|1662314484\n|move|p1a: Tapu Koko|Reflect|p1a: Tapu Koko\n|-sidestart|p1: lebanesestinker|Reflect\n|move|p2a: Weavile|Knock Off|p1a: Tapu Koko\n|-resisted|p1a: Tapu Koko\n|-damage|p1a: Tapu Koko|15\/100\n|-enditem|p1a: Tapu Koko|Light Clay|[from] move: Knock Off|[of] p2a: Weavile\n|\n|upkeep\n|turn|20\n|\n|t:|1662314489\n|switch|p2a: Heatran|Heatran, M|100\/100\n|-item|p2a: Heatran|Air Balloon\n|move|p1a: Tapu Koko|U-turn|p2a: Heatran\n|-resisted|p2a: Heatran\n|-damage|p2a: Heatran|96\/100\n|-enditem|p2a: Heatran|Air Balloon\n|\n|t:|1662314497\n|switch|p1a: Blaziken|Blaziken, F|100\/100|[from]move: U-turn\n|-item|p1a: Blaziken|Air Balloon\n|\n|upkeep\n|turn|21\n|\n|t:|1662314501\n|move|p2a: Heatran|Eruption|p1a: Blaziken\n|-resisted|p1a: Blaziken\n|-damage|p1a: Blaziken|47\/100\n|-enditem|p1a: Blaziken|Air Balloon\n|move|p1a: Blaziken|Earthquake|p2a: Heatran\n|-supereffective|p2a: Heatran\n|-damage|p2a: Heatran|0 fnt\n|faint|p2a: Heatran\n|\n|-ability|p1a: Blaziken|Speed Boost|boost\n|-boost|p1a: Blaziken|spe|1\n|upkeep\n|\n|t:|1662314501\n|switch|p2a: Melmetal|Melmetal|100\/100\n|turn|22\n|\n|t:|1662314508\n|move|p1a: Blaziken|Flare Blitz|p2a: Melmetal\n|-supereffective|p2a: Melmetal\n|-damage|p2a: Melmetal|28\/100\n|-damage|p1a: Blaziken|12\/100|[from] Recoil\n|move|p2a: Melmetal|Earthquake|p1a: Blaziken\n|-supereffective|p1a: Blaziken\n|-damage|p1a: Blaziken|0 fnt\n|faint|p1a: Blaziken\n|\n|upkeep\n|\n|t:|1662314514\n|switch|p1a: Hawlucha|Hawlucha, F|100\/100\n|-enditem|p1a: Hawlucha|Electric Seed\n|-boost|p1a: Hawlucha|def|1|[from] item: Electric Seed\n|turn|23\n|\n|t:|1662314516\n|move|p1a: Hawlucha|Close Combat|p2a: Melmetal\n|-supereffective|p2a: Melmetal\n|-damage|p2a: Melmetal|0 fnt\n|-unboost|p1a: Hawlucha|def|1\n|-unboost|p1a: Hawlucha|spd|1\n|faint|p2a: Melmetal\n|\n|-fieldend|move: Electric Terrain\n|upkeep\n|\n|t:|1662314516\n|switch|p2a: Weavile|Weavile, M|100\/100\n|-ability|p2a: Weavile|Pressure\n|turn|24\n|\n|t:|1662314518\n|move|p2a: Weavile|Ice Shard|p1a: Hawlucha\n|-supereffective|p1a: Hawlucha\n|-damage|p1a: Hawlucha|58\/100\n|move|p1a: Hawlucha|Acrobatics|p2a: Weavile\n|-damage|p2a: Weavile|18\/100\n|\n|upkeep\n|turn|25\n|\n|t:|1662314520\n|move|p2a: Weavile|Ice Shard|p1a: Hawlucha\n|-supereffective|p1a: Hawlucha\n|-damage|p1a: Hawlucha|18\/100\n|move|p1a: Hawlucha|Acrobatics|p2a: Weavile\n|-damage|p2a: Weavile|0 fnt\n|faint|p2a: Weavile\n|\n|win|lebanesestinker\n|raw|lebanesestinker's rating: 1613 &rarr; <strong>1627<\/strong><br \/>(+14 for winning)\n|raw|minimax_ai's rating: 1508 &rarr; <strong>1494<\/strong><br \/>(-14 for losing)\n|c|\u2606minimax_ai|gg\n","uploadtime":1662314522,"views":14,"p1id":"lebanesestinker","p2id":"minimaxai","formatid":"gen8ou","rating":1494,"private":0,"password":null}