{"id":"gen8ou-1627389277","p1":"Lenape","p2":"LT91BB AYT","format":"gen8ou","log":"|raw|<div class=\"broadcast-blue\"><strong>This battle is required to be public due to a player having a name starting with 'lt91bb'.<\/div>\n|j|\u2606Lenape\n|j|\u2606LT91BB AYT\n|t:|1659045917\n|gametype|singles\n|player|p1|Lenape|265|1803\n|player|p2|LT91BB AYT|steven|1782\n|teamsize|p1|6\n|teamsize|p2|6\n|gen|8\n|tier|[Gen 8] OU\n|rated|\n|rule|Sleep Clause Mod: Limit one foe put to sleep\n|rule|Species Clause: Limit one of each Pok\u00e9mon\n|rule|OHKO Clause: OHKO moves are banned\n|rule|Evasion Moves Clause: Evasion moves are banned\n|rule|Endless Battle Clause: Forcing endless battles is banned\n|rule|HP Percentage Mod: HP is shown in percentages\n|rule|Dynamax Clause: You cannot dynamax\n|clearpoke\n|poke|p1|Rhyperior, F|\n|poke|p1|Toxapex, M|\n|poke|p1|Corviknight, F|\n|poke|p1|Umbreon, M|\n|poke|p1|Sylveon, M|\n|poke|p1|Rotom-Heat|\n|poke|p2|Rotom-Wash|\n|poke|p2|Melmetal|\n|poke|p2|Clefable, M|\n|poke|p2|Tornadus-Therian, M|\n|poke|p2|Victini|\n|poke|p2|Gastrodon, F|\n|teampreview\n|inactive|Battle timer is ON: inactive players will automatically lose when time's up. (requested by Lenape)\n|j| hump\n|j| joey milktank\n|\n|t:|1659045932\n|start\n|switch|p1a: Rotom|Rotom-Heat|100\/100\n|switch|p2a: Clefable|Clefable, M|100\/100\n|turn|1\n|j| Lunarr\n|j| LT91BB Poeh\n|j| LT91BB Raizen\n|\n|t:|1659045940\n|switch|p2a: Tornadus|Tornadus-Therian, M|100\/100\n|move|p1a: Rotom|Trick|p2a: Tornadus\n|-activate|p1a: Rotom|move: Trick|[of] p2a: Tornadus\n|-item|p2a: Tornadus|Choice Scarf|[from] move: Trick\n|-item|p1a: Rotom|Heavy-Duty Boots|[from] move: Trick\n|\n|upkeep\n|turn|2\n|j| rheysali\n|l| LT91BB Raizen\n|j|@ironwater\n|\n|t:|1659045954\n|switch|p2a: Clefable|Clefable, M|100\/100\n|switch|p1a: Toxapex|Toxapex, M|100\/100\n|\n|upkeep\n|turn|3\n|\n|t:|1659045957\n|move|p2a: Clefable|Knock Off|p1a: Toxapex\n|-damage|p1a: Toxapex|92\/100\n|-enditem|p1a: Toxapex|Black Sludge|[from] move: Knock Off|[of] p2a: Clefable\n|move|p1a: Toxapex|Toxic|p2a: Clefable\n|-status|p2a: Clefable|tox\n|\n|upkeep\n|turn|4\n|j| aesnop\n|\n|t:|1659045962\n|switch|p1a: Sylveon|Sylveon, M|100\/100\n|move|p2a: Clefable|Stealth Rock|p1a: Sylveon\n|-sidestart|p1: Lenape|move: Stealth Rock\n|\n|upkeep\n|turn|5\n|\n|t:|1659045975\n|switch|p2a: Victini|Victini|100\/100\n|move|p1a: Sylveon|Calm Mind|p1a: Sylveon\n|-boost|p1a: Sylveon|spa|1\n|-boost|p1a: Sylveon|spd|1\n|\n|upkeep\n|turn|6\n|\n|t:|1659045979\n|move|p1a: Sylveon|Protect|p1a: Sylveon\n|-singleturn|p1a: Sylveon|Protect\n|move|p2a: Victini|Bolt Strike|p1a: Sylveon\n|-activate|p1a: Sylveon|move: Protect\n|\n|upkeep\n|turn|7\n|\n|t:|1659045981\n|switch|p1a: Rhyperior|Rhyperior, F|100\/100\n|-damage|p1a: Rhyperior|94\/100|[from] Stealth Rock\n|move|p2a: Victini|V-create|p1a: Rhyperior\n|-resisted|p1a: Rhyperior\n|-damage|p1a: Rhyperior|68\/100\n|-unboost|p2a: Victini|spe|1\n|-unboost|p2a: Victini|def|1\n|-unboost|p2a: Victini|spd|1\n|\n|-heal|p1a: Rhyperior|74\/100|[from] item: Leftovers\n|upkeep\n|turn|8\n|\n|t:|1659045994\n|switch|p2a: Rotom|Rotom-Wash|100\/100\n|move|p1a: Rhyperior|Stealth Rock|p2a: Rotom\n|-sidestart|p2: LT91BB AYT|move: Stealth Rock\n|\n|-heal|p1a: Rhyperior|80\/100|[from] item: Leftovers\n|upkeep\n|turn|9\n|\n|t:|1659046006\n|switch|p1a: Sylveon|Sylveon, M|100\/100\n|-damage|p1a: Sylveon|88\/100|[from] Stealth Rock\n|move|p2a: Rotom|Hydro Pump|p1a: Sylveon\n|-damage|p1a: Sylveon|63\/100\n|\n|-heal|p1a: Sylveon|69\/100|[from] item: Leftovers\n|upkeep\n|turn|10\n|\n|t:|1659046009\n|move|p1a: Sylveon|Protect|p1a: Sylveon\n|-singleturn|p1a: Sylveon|Protect\n|move|p2a: Rotom|Volt Switch|p1a: Sylveon\n|-activate|p1a: Sylveon|move: Protect\n|\n|-heal|p1a: Sylveon|75\/100|[from] item: Leftovers\n|upkeep\n|turn|11\n|\n|t:|1659046016\n|move|p2a: Rotom|Will-O-Wisp|p1a: Sylveon|[miss]\n|-miss|p2a: Rotom|p1a: Sylveon\n|move|p1a: Sylveon|Wish|p1a: Sylveon\n|\n|-heal|p1a: Sylveon|81\/100|[from] item: Leftovers\n|upkeep\n|turn|12\n|\n|t:|1659046021\n|move|p2a: Rotom|Volt Switch|p1a: Sylveon\n|-damage|p1a: Sylveon|62\/100\n|\n|t:|1659046030\n|switch|p2a: Victini|Victini|100\/100|[from]move: Volt Switch\n|move|p1a: Sylveon|Calm Mind|p1a: Sylveon\n|-boost|p1a: Sylveon|spa|1\n|-boost|p1a: Sylveon|spd|1\n|\n|-heal|p1a: Sylveon|100\/100|[from] move: Wish|[wisher] Sylveon\n|upkeep\n|turn|13\n|\n|t:|1659046033\n|switch|p2a: Melmetal|Melmetal|100\/100\n|-damage|p2a: Melmetal|94\/100|[from] Stealth Rock\n|move|p1a: Sylveon|Protect||[still]\n|-fail|p1a: Sylveon\n|\n|-heal|p2a: Melmetal|100\/100|[from] item: Leftovers\n|upkeep\n|turn|14\n|\n|t:|1659046036\n|move|p1a: Sylveon|Protect|p1a: Sylveon\n|-singleturn|p1a: Sylveon|Protect\n|move|p2a: Melmetal|Double Iron Bash|p1a: Sylveon\n|-activate|p1a: Sylveon|move: Protect\n|\n|upkeep\n|turn|15\n|\n|t:|1659046039\n|switch|p1a: Toxapex|Toxapex, M|100\/100\n|-damage|p1a: Toxapex|88\/100|[from] Stealth Rock\n|move|p2a: Melmetal|Double Iron Bash|p1a: Toxapex\n|-resisted|p1a: Toxapex\n|-damage|p1a: Toxapex|75\/100\n|-resisted|p1a: Toxapex\n|-damage|p1a: Toxapex|61\/100\n|-hitcount|p1a: Toxapex|2\n|\n|upkeep\n|turn|16\n|\n|t:|1659046042\n|move|p1a: Toxapex|Baneful Bunker|p1a: Toxapex\n|-singleturn|p1a: Toxapex|move: Protect\n|move|p2a: Melmetal|Earthquake|p1a: Toxapex\n|-activate|p1a: Toxapex|move: Protect\n|\n|upkeep\n|turn|17\n|\n|t:|1659046044\n|switch|p1a: Rotom|Rotom-Heat|100\/100\n|move|p2a: Melmetal|Earthquake|p1a: Rotom\n|-immune|p1a: Rotom|[from] ability: Levitate\n|\n|upkeep\n|turn|18\n|\n|t:|1659046053\n|switch|p2a: Gastrodon|Gastrodon, F|100\/100\n|-damage|p2a: Gastrodon|94\/100|[from] Stealth Rock\n|move|p1a: Rotom|Discharge|p2a: Gastrodon\n|-immune|p2a: Gastrodon\n|\n|-heal|p2a: Gastrodon|100\/100|[from] item: Leftovers\n|upkeep\n|turn|19\n|\n|t:|1659046064\n|switch|p1a: Toxapex|Toxapex, M|94\/100\n|-damage|p1a: Toxapex|81\/100|[from] Stealth Rock\n|move|p2a: Gastrodon|Scald|p1a: Toxapex\n|-resisted|p1a: Toxapex\n|-damage|p1a: Toxapex|70\/100\n|\n|upkeep\n|turn|20\n|\n|t:|1659046067\n|move|p2a: Gastrodon|Earth Power|p1a: Toxapex\n|-supereffective|p1a: Toxapex\n|-damage|p1a: Toxapex|22\/100\n|move|p1a: Toxapex|Toxic|p2a: Gastrodon\n|-status|p2a: Gastrodon|tox\n|\n|-damage|p2a: Gastrodon|94\/100 tox|[from] psn\n|upkeep\n|turn|21\n|\n|t:|1659046071\n|switch|p1a: Sylveon|Sylveon, M|100\/100\n|-damage|p1a: Sylveon|88\/100|[from] Stealth Rock\n|move|p2a: Gastrodon|Scald|p1a: Sylveon\n|-damage|p1a: Sylveon|69\/100\n|\n|-heal|p1a: Sylveon|75\/100|[from] item: Leftovers\n|-heal|p2a: Gastrodon|100\/100 tox|[from] item: Leftovers\n|-damage|p2a: Gastrodon|88\/100 tox|[from] psn\n|upkeep\n|turn|22\n|\n|t:|1659046076\n|switch|p2a: Victini|Victini|100\/100\n|move|p1a: Sylveon|Wish|p1a: Sylveon\n|\n|-heal|p1a: Sylveon|81\/100|[from] item: Leftovers\n|upkeep\n|turn|23\n|\n|t:|1659046088\n|switch|p1a: Rhyperior|Rhyperior, F|80\/100\n|-damage|p1a: Rhyperior|74\/100|[from] Stealth Rock\n|move|p2a: Victini|U-turn|p1a: Rhyperior\n|-crit|p1a: Rhyperior\n|-damage|p1a: Rhyperior|53\/100\n|\n|t:|1659046091\n|switch|p2a: Rotom|Rotom-Wash|100\/100|[from]move: U-turn\n|-damage|p2a: Rotom|88\/100|[from] Stealth Rock\n|\n|-heal|p1a: Rhyperior|98\/100|[from] move: Wish|[wisher] Sylveon\n|-heal|p2a: Rotom|94\/100|[from] item: Leftovers\n|-heal|p1a: Rhyperior|100\/100|[from] item: Leftovers\n|upkeep\n|turn|24\n|j| Venositile\n|\n|t:|1659046100\n|switch|p1a: Sylveon|Sylveon, M|81\/100\n|-damage|p1a: Sylveon|69\/100|[from] Stealth Rock\n|move|p2a: Rotom|Volt Switch|p1a: Sylveon\n|-damage|p1a: Sylveon|51\/100\n|\n|t:|1659046102\n|switch|p2a: Victini|Victini|100\/100|[from]move: Volt Switch\n|\n|-heal|p1a: Sylveon|57\/100|[from] item: Leftovers\n|upkeep\n|turn|25\n|\n|t:|1659046121\n|move|p1a: Sylveon|Protect|p1a: Sylveon\n|-singleturn|p1a: Sylveon|Protect\n|move|p2a: Victini|U-turn|p1a: Sylveon\n|-activate|p1a: Sylveon|move: Protect\n|\n|-heal|p1a: Sylveon|63\/100|[from] item: Leftovers\n|upkeep\n|turn|26\n|\n|t:|1659046125\n|switch|p1a: Toxapex|Toxapex, M|55\/100\n|-damage|p1a: Toxapex|43\/100|[from] Stealth Rock\n|move|p2a: Victini|V-create|p1a: Toxapex\n|-resisted|p1a: Toxapex\n|-damage|p1a: Toxapex|18\/100\n|-unboost|p2a: Victini|spe|1\n|-unboost|p2a: Victini|def|1\n|-unboost|p2a: Victini|spd|1\n|\n|upkeep\n|turn|27\n|\n|t:|1659046131\n|move|p1a: Toxapex|Baneful Bunker|p1a: Toxapex\n|-singleturn|p1a: Toxapex|move: Protect\n|move|p2a: Victini|Energy Ball|p1a: Toxapex\n|-activate|p1a: Toxapex|move: Protect\n|\n|upkeep\n|turn|28\n|\n|t:|1659046139\n|switch|p1a: Rotom|Rotom-Heat|100\/100\n|move|p2a: Victini|V-create|p1a: Rotom\n|-resisted|p1a: Rotom\n|-damage|p1a: Rotom|51\/100\n|-unboost|p2a: Victini|spe|1\n|-unboost|p2a: Victini|def|1\n|-unboost|p2a: Victini|spd|1\n|\n|upkeep\n|turn|29\n|\n|t:|1659046154\n|switch|p2a: Rotom|Rotom-Wash|94\/100\n|-damage|p2a: Rotom|82\/100|[from] Stealth Rock\n|move|p1a: Rotom|Discharge|p2a: Rotom\n|-damage|p2a: Rotom|53\/100\n|\n|-heal|p2a: Rotom|59\/100|[from] item: Leftovers\n|upkeep\n|turn|30\n|\n|t:|1659046158\n|switch|p1a: Umbreon|Umbreon, M|100\/100\n|-damage|p1a: Umbreon|88\/100|[from] Stealth Rock\n|move|p2a: Rotom|Volt Switch|p1a: Umbreon\n|-damage|p1a: Umbreon|71\/100\n|\n|t:|1659046164\n|switch|p2a: Melmetal|Melmetal|100\/100|[from]move: Volt Switch\n|-damage|p2a: Melmetal|94\/100|[from] Stealth Rock\n|\n|-heal|p1a: Umbreon|77\/100|[from] item: Leftovers\n|-heal|p2a: Melmetal|100\/100|[from] item: Leftovers\n|upkeep\n|turn|31\n|\n|t:|1659046176\n|move|p1a: Umbreon|Protect|p1a: Umbreon\n|-singleturn|p1a: Umbreon|Protect\n|move|p2a: Melmetal|Earthquake|p1a: Umbreon\n|-activate|p1a: Umbreon|move: Protect\n|\n|-heal|p1a: Umbreon|83\/100|[from] item: Leftovers\n|upkeep\n|turn|32\n|\n|t:|1659046179\n|switch|p2a: Rotom|Rotom-Wash|59\/100\n|-damage|p2a: Rotom|47\/100|[from] Stealth Rock\n|move|p1a: Umbreon|Wish|p1a: Umbreon\n|\n|-heal|p2a: Rotom|53\/100|[from] item: Leftovers\n|-heal|p1a: Umbreon|90\/100|[from] item: Leftovers\n|upkeep\n|turn|33\n|\n|t:|1659046183\n|switch|p1a: Sylveon|Sylveon, M|63\/100\n|-damage|p1a: Sylveon|51\/100|[from] Stealth Rock\n|move|p2a: Rotom|Pain Split|p1a: Sylveon\n|-sethp|p1a: Sylveon|46\/100|[from] move: Pain Split|[silent]\n|-sethp|p2a: Rotom|59\/100|[from] move: Pain Split\n|\n|-heal|p1a: Sylveon|96\/100|[from] move: Wish|[wisher] Umbreon\n|-heal|p2a: Rotom|66\/100|[from] item: Leftovers\n|-heal|p1a: Sylveon|100\/100|[from] item: Leftovers\n|upkeep\n|turn|34\n|\n|t:|1659046195\n|switch|p2a: Victini|Victini|100\/100\n|move|p1a: Sylveon|Calm Mind|p1a: Sylveon\n|-boost|p1a: Sylveon|spa|1\n|-boost|p1a: Sylveon|spd|1\n|\n|upkeep\n|turn|35\n|\n|t:|1659046199\n|move|p1a: Sylveon|Protect|p1a: Sylveon\n|-singleturn|p1a: Sylveon|Protect\n|move|p2a: Victini|Energy Ball|p1a: Sylveon\n|-activate|p1a: Sylveon|move: Protect\n|\n|upkeep\n|turn|36\n|\n|t:|1659046203\n|move|p2a: Victini|Bolt Strike|p1a: Sylveon\n|-damage|p1a: Sylveon|46\/100\n|move|p1a: Sylveon|Wish|p1a: Sylveon\n|\n|-heal|p1a: Sylveon|53\/100|[from] item: Leftovers\n|upkeep\n|turn|37\n|\n|t:|1659046207\n|move|p1a: Sylveon|Protect|p1a: Sylveon\n|-singleturn|p1a: Sylveon|Protect\n|move|p2a: Victini|Energy Ball|p1a: Sylveon\n|-activate|p1a: Sylveon|move: Protect\n|\n|-heal|p1a: Sylveon|100\/100|[from] move: Wish|[wisher] Sylveon\n|upkeep\n|turn|38\n|j| LuckyBombVoyage\n|\n|t:|1659046253\n|switch|p1a: Rhyperior|Rhyperior, F|100\/100\n|-damage|p1a: Rhyperior|94\/100|[from] Stealth Rock\n|move|p2a: Victini|V-create|p1a: Rhyperior\n|-resisted|p1a: Rhyperior\n|-damage|p1a: Rhyperior|65\/100\n|-unboost|p2a: Victini|spe|1\n|-unboost|p2a: Victini|def|1\n|-unboost|p2a: Victini|spd|1\n|\n|-heal|p1a: Rhyperior|72\/100|[from] item: Leftovers\n|upkeep\n|turn|39\n|l| LuckyBombVoyage\n|\n|t:|1659046256\n|move|p2a: Victini|U-turn|p1a: Rhyperior\n|-damage|p1a: Rhyperior|57\/100\n|\n|t:|1659046262\n|switch|p2a: Melmetal|Melmetal|100\/100|[from]move: U-turn\n|-damage|p2a: Melmetal|94\/100|[from] Stealth Rock\n|move|p1a: Rhyperior|Earthquake|p2a: Melmetal\n|-supereffective|p2a: Melmetal\n|-damage|p2a: Melmetal|39\/100\n|\n|-heal|p2a: Melmetal|45\/100|[from] item: Leftovers\n|-heal|p1a: Rhyperior|63\/100|[from] item: Leftovers\n|upkeep\n|turn|40\n|j|+Dragonillis\n|\n|t:|1659046281\n|move|p2a: Melmetal|Protect|p2a: Melmetal\n|-singleturn|p2a: Melmetal|Protect\n|move|p1a: Rhyperior|Earthquake|p2a: Melmetal\n|-activate|p2a: Melmetal|move: Protect\n|\n|-heal|p2a: Melmetal|51\/100|[from] item: Leftovers\n|-heal|p1a: Rhyperior|69\/100|[from] item: Leftovers\n|upkeep\n|turn|41\n|\n|t:|1659046284\n|switch|p2a: Rotom|Rotom-Wash|66\/100\n|-damage|p2a: Rotom|53\/100|[from] Stealth Rock\n|move|p1a: Rhyperior|Earthquake|p2a: Rotom\n|-immune|p2a: Rotom|[from] ability: Levitate\n|\n|-heal|p2a: Rotom|59\/100|[from] item: Leftovers\n|-heal|p1a: Rhyperior|76\/100|[from] item: Leftovers\n|upkeep\n|turn|42\n|\n|t:|1659046289\n|switch|p1a: Sylveon|Sylveon, M|100\/100\n|-damage|p1a: Sylveon|88\/100|[from] Stealth Rock\n|move|p2a: Rotom|Will-O-Wisp|p1a: Sylveon\n|-status|p1a: Sylveon|brn\n|\n|-heal|p2a: Rotom|66\/100|[from] item: Leftovers\n|-heal|p1a: Sylveon|94\/100 brn|[from] item: Leftovers\n|-damage|p1a: Sylveon|88\/100 brn|[from] brn\n|upkeep\n|turn|43\n|\n|t:|1659046292\n|move|p2a: Rotom|Volt Switch|p1a: Sylveon\n|-damage|p1a: Sylveon|69\/100 brn\n|\n|t:|1659046308\n|switch|p2a: Victini|Victini|100\/100|[from]move: Volt Switch\n|move|p1a: Sylveon|Wish|p1a: Sylveon\n|\n|-heal|p1a: Sylveon|75\/100 brn|[from] item: Leftovers\n|-damage|p1a: Sylveon|69\/100 brn|[from] brn\n|upkeep\n|turn|44\n|\n|t:|1659046312\n|switch|p1a: Rhyperior|Rhyperior, F|76\/100\n|-damage|p1a: Rhyperior|69\/100|[from] Stealth Rock\n|move|p2a: Victini|U-turn|p1a: Rhyperior\n|-damage|p1a: Rhyperior|56\/100\n|\n|t:|1659046315\n|switch|p2a: Rotom|Rotom-Wash|66\/100|[from]move: U-turn\n|-damage|p2a: Rotom|53\/100|[from] Stealth Rock\n|\n|-heal|p1a: Rhyperior|100\/100|[from] move: Wish|[wisher] Sylveon\n|-heal|p2a: Rotom|59\/100|[from] item: Leftovers\n|upkeep\n|turn|45\n|\n|t:|1659046319\n|switch|p1a: Umbreon|Umbreon, M|90\/100\n|-damage|p1a: Umbreon|77\/100|[from] Stealth Rock\n|move|p2a: Rotom|Pain Split|p1a: Umbreon\n|-sethp|p1a: Umbreon|61\/100|[from] move: Pain Split|[silent]\n|-sethp|p2a: Rotom|79\/100|[from] move: Pain Split\n|\n|-heal|p2a: Rotom|86\/100|[from] item: Leftovers\n|-heal|p1a: Umbreon|68\/100|[from] item: Leftovers\n|upkeep\n|turn|46\n|\n|t:|1659046329\n|move|p2a: Rotom|Volt Switch|p1a: Umbreon\n|-damage|p1a: Umbreon|50\/100\n|\n|t:|1659046355\n|switch|p2a: Melmetal|Melmetal|51\/100|[from]move: Volt Switch\n|-damage|p2a: Melmetal|45\/100|[from] Stealth Rock\n|move|p1a: Umbreon|Wish|p1a: Umbreon\n|\n|-heal|p1a: Umbreon|56\/100|[from] item: Leftovers\n|-heal|p2a: Melmetal|51\/100|[from] item: Leftovers\n|upkeep\n|turn|47\n|\n|t:|1659046361\n|move|p1a: Umbreon|Foul Play|p2a: Melmetal\n|-damage|p2a: Melmetal|19\/100\n|move|p2a: Melmetal|Toxic|p1a: Umbreon\n|-status|p1a: Umbreon|tox\n|\n|-heal|p1a: Umbreon|100\/100 tox|[from] move: Wish|[wisher] Umbreon\n|-heal|p2a: Melmetal|25\/100|[from] item: Leftovers\n|-damage|p1a: Umbreon|94\/100 tox|[from] psn\n|upkeep\n|turn|48\n|\n|t:|1659046366\n|move|p2a: Melmetal|Protect|p2a: Melmetal\n|-singleturn|p2a: Melmetal|Protect\n|move|p1a: Umbreon|Heal Bell|p1a: Umbreon\n|-activate|p1a: Umbreon|move: Heal Bell\n|-curestatus|p1a: Umbreon|tox|[msg]\n|-curestatus|p1: Sylveon|brn|[msg]\n|\n|-heal|p1a: Umbreon|100\/100|[from] item: Leftovers\n|-heal|p2a: Melmetal|31\/100|[from] item: Leftovers\n|upkeep\n|turn|49\n|\n|t:|1659046370\n|switch|p2a: Clefable|Clefable, M|100\/100 tox\n|move|p1a: Umbreon|Foul Play|p2a: Clefable\n|-resisted|p2a: Clefable\n|-damage|p2a: Clefable|91\/100 tox\n|-damage|p1a: Umbreon|84\/100|[from] item: Rocky Helmet|[of] p2a: Clefable\n|\n|-heal|p1a: Umbreon|90\/100|[from] item: Leftovers\n|upkeep\n|turn|50\n|\n|t:|1659046374\n|switch|p1a: Toxapex|Toxapex, M|51\/100\n|-damage|p1a: Toxapex|38\/100|[from] Stealth Rock\n|switch|p2a: Tornadus|Tornadus-Therian, M|100\/100\n|-damage|p2a: Tornadus|76\/100|[from] Stealth Rock\n|\n|upkeep\n|turn|51\n|\n|t:|1659046377\n|move|p1a: Toxapex|Baneful Bunker|p1a: Toxapex\n|-singleturn|p1a: Toxapex|move: Protect\n|move|p2a: Tornadus|Knock Off|p1a: Toxapex\n|-activate|p1a: Toxapex|move: Protect\n|-status|p2a: Tornadus|psn\n|\n|-damage|p2a: Tornadus|63\/100 psn|[from] psn\n|upkeep\n|turn|52\n|\n|t:|1659046383\n|move|p2a: Tornadus|Knock Off|p1a: Toxapex\n|-crit|p1a: Toxapex\n|-damage|p1a: Toxapex|27\/100\n|move|p1a: Toxapex|Recover|p1a: Toxapex\n|-heal|p1a: Toxapex|77\/100\n|\n|-damage|p2a: Tornadus|51\/100 psn|[from] psn\n|upkeep\n|turn|53\n|\n|t:|1659046387\n|switch|p2a: Rotom|Rotom-Wash|86\/100\n|-damage|p2a: Rotom|73\/100|[from] Stealth Rock\n|move|p1a: Toxapex|Toxic|p2a: Rotom\n|-status|p2a: Rotom|tox\n|\n|-heal|p2a: Rotom|79\/100 tox|[from] item: Leftovers\n|-damage|p2a: Rotom|73\/100 tox|[from] psn\n|upkeep\n|turn|54\n|\n|t:|1659046390\n|switch|p2a: Clefable|Clefable, M|91\/100 tox\n|move|p1a: Toxapex|Baneful Bunker||[still]\n|-fail|p1a: Toxapex\n|\n|upkeep\n|turn|55\n|\n|t:|1659046394\n|switch|p1a: Corviknight|Corviknight, F|100\/100\n|-damage|p1a: Corviknight|88\/100|[from] Stealth Rock\n|-ability|p1a: Corviknight|Pressure\n|move|p2a: Clefable|Moonblast|p1a: Corviknight\n|-resisted|p1a: Corviknight\n|-damage|p1a: Corviknight|73\/100\n|-unboost|p1a: Corviknight|spa|1\n|\n|-heal|p1a: Corviknight|79\/100|[from] item: Leftovers\n|upkeep\n|turn|56\n|\n|t:|1659046396\n|move|p1a: Corviknight|Substitute|p1a: Corviknight\n|-start|p1a: Corviknight|Substitute\n|-damage|p1a: Corviknight|54\/100\n|move|p2a: Clefable|Knock Off|p1a: Corviknight\n|-activate|p1a: Corviknight|move: Substitute|[damage]\n|\n|-heal|p1a: Corviknight|60\/100|[from] item: Leftovers\n|upkeep\n|turn|57\n|\n|t:|1659046399\n|switch|p2a: Rotom|Rotom-Wash|73\/100 tox\n|-damage|p2a: Rotom|61\/100 tox|[from] Stealth Rock\n|move|p1a: Corviknight|Roost|p1a: Corviknight\n|-heal|p1a: Corviknight|100\/100\n|-singleturn|p1a: Corviknight|move: Roost\n|\n|-heal|p2a: Rotom|67\/100 tox|[from] item: Leftovers\n|-damage|p2a: Rotom|61\/100 tox|[from] psn\n|upkeep\n|turn|58\n|\n|t:|1659046402\n|move|p2a: Rotom|Volt Switch|p1a: Corviknight\n|-supereffective|p1a: Corviknight\n|-end|p1a: Corviknight|Substitute\n|\n|t:|1659046403\n|switch|p2a: Victini|Victini|100\/100|[from]move: Volt Switch\n|move|p1a: Corviknight|Substitute|p1a: Corviknight\n|-start|p1a: Corviknight|Substitute\n|-damage|p1a: Corviknight|75\/100\n|\n|-heal|p1a: Corviknight|82\/100|[from] item: Leftovers\n|upkeep\n|turn|59\n|-message|LT91BB AYT forfeited.\n|\n|win|Lenape\n|raw|Lenape's rating: 1803 &rarr; <strong>1821<\/strong><br \/>(+18 for winning)\n|raw|LT91BB AYT's rating: 1761 &rarr; <strong>1743<\/strong><br \/>(-18 for losing)\n|l|\u2606LT91BB AYT\n|l|\u2606Lenape\n|l| joey milktank\n|j| Prism Armor\n||Ladder isn't responding, score probably updated but might not have (Request timeout).\n","uploadtime":1659046471,"views":100,"p1id":"lenape","p2id":"lt91bbayt","formatid":"gen8ou","rating":1743,"private":0,"password":null}