{"id":"gen8ou-1677602639","p1":"TheonReekGreyjoy","p2":"Venositile","format":"gen8ou","log":"|j|\u2606TheonReekGreyjoy\n|j|\u2606Venositile\n|t:|1664909290\n|gametype|singles\n|player|p1|TheonReekGreyjoy|102|1843\n|player|p2|Venositile|rocketexecutive-gen2|1763\n|teamsize|p1|6\n|teamsize|p2|6\n|gen|8\n|tier|[Gen 8] OU\n|rated|\n|rule|Sleep Clause Mod: Limit one foe put to sleep\n|rule|Species Clause: Limit one of each Pok\u00e9mon\n|rule|OHKO Clause: OHKO moves are banned\n|rule|Evasion Items Clause: Evasion items are banned\n|rule|Evasion Moves Clause: Evasion moves are banned\n|rule|Endless Battle Clause: Forcing endless battles is banned\n|rule|HP Percentage Mod: HP is shown in percentages\n|rule|Dynamax Clause: You cannot dynamax\n|clearpoke\n|poke|p1|Arctozolt|\n|poke|p1|Tornadus-Therian, M|\n|poke|p1|Heatran, F|\n|poke|p1|Landorus-Therian, M|\n|poke|p1|Hatterene, F|\n|poke|p1|Vanilluxe, M|\n|poke|p2|Kartana|\n|poke|p2|Weavile, M|\n|poke|p2|Nihilego|\n|poke|p2|Heatran, M|\n|poke|p2|Clefable, M|\n|poke|p2|Landorus-Therian, M|\n|teampreview\n|inactive|Battle timer is ON: inactive players will automatically lose when time's up. (requested by Venositile)\n|\n|t:|1664909316\n|start\n|switch|p1a: Heatran|Heatran, F|100\/100\n|switch|p2a: Weavile|Weavile, M|100\/100\n|-ability|p2a: Weavile|Pressure\n|turn|1\n|\n|t:|1664909322\n|switch|p2a: Heatran|Heatran, M|100\/100\n|-item|p2a: Heatran|Air Balloon\n|move|p1a: Heatran|Lava Plume|p2a: Heatran\n|-start|p2a: Heatran|ability: Flash Fire\n|\n|upkeep\n|turn|2\n|\n|t:|1664909331\n|move|p1a: Heatran|Protect|p1a: Heatran\n|-singleturn|p1a: Heatran|Protect\n|move|p2a: Heatran|Stealth Rock|p1a: Heatran\n|-sidestart|p1: TheonReekGreyjoy|move: Stealth Rock\n|\n|upkeep\n|turn|3\n|\n|t:|1664909334\n|switch|p1a: Tornadus|Tornadus-Therian, M|100\/100\n|-damage|p1a: Tornadus|76\/100|[from] Stealth Rock\n|move|p2a: Heatran|Eruption|p1a: Tornadus\n|-damage|p1a: Tornadus|0 fnt\n|faint|p1a: Tornadus\n|\n|upkeep\n|\n|t:|1664909339\n|switch|p1a: Landorus|Landorus-Therian, M|100\/100\n|-damage|p1a: Landorus|88\/100|[from] Stealth Rock\n|-ability|p1a: Landorus|Intimidate|boost\n|-unboost|p2a: Heatran|atk|1\n|turn|4\n|\n|t:|1664909342\n|move|p2a: Heatran|Eruption|p1a: Landorus\n|-damage|p1a: Landorus|0 fnt\n|faint|p1a: Landorus\n|\n|upkeep\n|-message|TheonReekGreyjoy forfeited.\n|\n|win|Venositile\n|raw|TheonReekGreyjoy's rating: 1843 &rarr; <strong>1818<\/strong><br \/>(-25 for losing)\n|raw|Venositile's rating: 1763 &rarr; <strong>1788<\/strong><br \/>(+25 for winning)\n|l|\u2606TheonReekGreyjoy\n","uploadtime":1664909348,"views":32,"p1id":"theonreekgreyjoy","p2id":"venositile","formatid":"gen8ou","rating":1788,"private":0,"password":null}