{"id":"gen8ou-1593990902","p1":"thodoras edition","p2":"LolzMachine","format":"gen8ou","log":"|j|\u2606thodoras edition\n|j|\u2606LolzMachine\n|t:|1654950547\n|gametype|singles\n|player|p1|thodoras edition|preschooler|1669\n|player|p2|LolzMachine|101|1591\n|teamsize|p1|6\n|teamsize|p2|6\n|gen|8\n|tier|[Gen 8] OU\n|rated|\n|rule|Sleep Clause Mod: Limit one foe put to sleep\n|rule|Species Clause: Limit one of each Pok\u00e9mon\n|rule|OHKO Clause: OHKO moves are banned\n|rule|Evasion Moves Clause: Evasion moves are banned\n|rule|Endless Battle Clause: Forcing endless battles is banned\n|rule|HP Percentage Mod: HP is shown in percentages\n|rule|Dynamax Clause: You cannot dynamax\n|clearpoke\n|poke|p1|Toxapex, M|\n|poke|p1|Garchomp, F|\n|poke|p1|Clefable, M|\n|poke|p1|Skarmory, M|\n|poke|p1|Blissey, F|\n|poke|p1|Zeraora|\n|poke|p2|Haxorus, M|\n|poke|p2|Jirachi|\n|poke|p2|Magnezone|\n|poke|p2|Regidrago|\n|poke|p2|Garchomp, F|\n|poke|p2|Dragonite, M|\n|teampreview\n|\n|t:|1654950555\n|start\n|switch|p1a: Toxapex|Toxapex, M|100\/100\n|switch|p2a: Haxorus|Haxorus, M|100\/100\n|-ability|p2a: Haxorus|Mold Breaker\n|turn|1\n|inactive|Battle timer is ON: inactive players will automatically lose when time's up. (requested by thodoras edition)\n|\n|t:|1654950562\n|move|p2a: Haxorus|Outrage|p1a: Toxapex\n|-damage|p1a: Toxapex|33\/100\n|move|p1a: Toxapex|Toxic Spikes|p2a: Haxorus\n|-sidestart|p2: LolzMachine|move: Toxic Spikes\n|\n|upkeep\n|turn|2\n|\n|t:|1654950566\n|switch|p1a: Clefable|Clefable, M|100\/100\n|move|p2a: Haxorus|Outrage|p1a: Clefable|[from]lockedmove\n|-immune|p1a: Clefable\n|-start|p2a: Haxorus|confusion|[fatigue]\n|\n|upkeep\n|turn|3\n|\n|t:|1654950572\n|switch|p2a: Jirachi|Jirachi|100\/100\n|move|p1a: Clefable|Moonblast|p2a: Jirachi\n|-resisted|p2a: Jirachi\n|-damage|p2a: Jirachi|81\/100\n|-unboost|p2a: Jirachi|spa|1\n|\n|-heal|p2a: Jirachi|87\/100|[from] item: Leftovers\n|upkeep\n|turn|4\n|\n|t:|1654950577\n|switch|p1a: Toxapex|Toxapex, M|66\/100\n|move|p2a: Jirachi|Doom Desire|p1a: Toxapex\n|-start|p2a: Jirachi|Doom Desire\n|\n|-heal|p2a: Jirachi|93\/100|[from] item: Leftovers\n|upkeep\n|turn|5\n|\n|t:|1654950581\n|switch|p1a: Garchomp|Garchomp, F|100\/100\n|move|p2a: Jirachi|Psychic|p1a: Garchomp\n|-damage|p1a: Garchomp|80\/100\n|\n|-heal|p2a: Jirachi|99\/100|[from] item: Leftovers\n|-heal|p1a: Garchomp|87\/100|[from] item: Leftovers\n|upkeep\n|turn|6\n|\n|t:|1654950588\n|switch|p2a: Dragonite|Dragonite, M|100\/100\n|move|p1a: Garchomp|Earthquake|p2a: Dragonite\n|-immune|p2a: Dragonite\n|\n|-end|p1a: Garchomp|move: Doom Desire\n|-damage|p1a: Garchomp|44\/100\n|-heal|p1a: Garchomp|51\/100|[from] item: Leftovers\n|upkeep\n|turn|7\n|\n|t:|1654950592\n|switch|p1a: Skarmory|Skarmory, M|100\/100\n|switch|p2a: Jirachi|Jirachi|99\/100\n|\n|-heal|p2a: Jirachi|100\/100|[from] item: Leftovers\n|upkeep\n|turn|8\n|\n|t:|1654950600\n|switch|p1a: Blissey|Blissey, F|100\/100\n|move|p2a: Jirachi|Stealth Rock|p1a: Blissey\n|-sidestart|p1: thodoras edition|move: Stealth Rock\n|\n|upkeep\n|turn|9\n|\n|t:|1654950609\n|move|p2a: Jirachi|Doom Desire|p1a: Blissey\n|-start|p2a: Jirachi|Doom Desire\n|move|p1a: Blissey|Thunder Wave|p2a: Jirachi\n|-status|p2a: Jirachi|par\n|\n|upkeep\n|turn|10\n|\n|t:|1654950614\n|cant|p2a: Jirachi|par\n|move|p1a: Blissey|Seismic Toss|p2a: Jirachi\n|-damage|p2a: Jirachi|71\/100 par\n|\n|-heal|p2a: Jirachi|77\/100 par|[from] item: Leftovers\n|upkeep\n|turn|11\n|j| Narwhale37\n|\n|t:|1654950617\n|switch|p1a: Garchomp|Garchomp, F|51\/100\n|-damage|p1a: Garchomp|44\/100|[from] Stealth Rock\n|cant|p2a: Jirachi|par\n|\n|-end|p1a: Garchomp|move: Doom Desire\n|-damage|p1a: Garchomp|0 fnt\n|faint|p1a: Garchomp\n|-heal|p2a: Jirachi|83\/100 par|[from] item: Leftovers\n|upkeep\n|\n|t:|1654950625\n|switch|p1a: Clefable|Clefable, M|100\/100\n|turn|12\n|\n|t:|1654950639\n|move|p1a: Clefable|Calm Mind|p1a: Clefable\n|-boost|p1a: Clefable|spa|1\n|-boost|p1a: Clefable|spd|1\n|cant|p2a: Jirachi|par\n|\n|-heal|p2a: Jirachi|90\/100 par|[from] item: Leftovers\n|upkeep\n|turn|13\n|\n|t:|1654950641\n|move|p1a: Clefable|Calm Mind|p1a: Clefable\n|-boost|p1a: Clefable|spa|1\n|-boost|p1a: Clefable|spd|1\n|move|p2a: Jirachi|Doom Desire|p1a: Clefable\n|-start|p2a: Jirachi|Doom Desire\n|\n|-heal|p2a: Jirachi|96\/100 par|[from] item: Leftovers\n|upkeep\n|turn|14\n|\n|t:|1654950644\n|move|p1a: Clefable|Calm Mind|p1a: Clefable\n|-boost|p1a: Clefable|spa|1\n|-boost|p1a: Clefable|spd|1\n|move|p2a: Jirachi|U-turn|p1a: Clefable\n|-resisted|p1a: Clefable\n|-damage|p1a: Clefable|95\/100\n|\n|t:|1654950646\n|switch|p2a: Magnezone|Magnezone|100\/100|[from]move: U-turn\n|\n|upkeep\n|turn|15\n|\n|t:|1654950651\n|move|p2a: Magnezone|Steel Beam|p1a: Clefable\n|-supereffective|p1a: Clefable\n|-damage|p1a: Clefable|11\/100\n|-damage|p2a: Magnezone|50\/100|[from] mindblown\n|move|p1a: Clefable|Soft-Boiled|p1a: Clefable\n|-heal|p1a: Clefable|61\/100\n|\n|-end|p1a: Clefable|move: Doom Desire\n|-supereffective|p1a: Clefable\n|-crit|p1a: Clefable\n|-damage|p1a: Clefable|0 fnt\n|faint|p1a: Clefable\n|upkeep\n|\n|t:|1654950660\n|switch|p1a: Blissey|Blissey, F|100\/100\n|turn|16\n|\n|t:|1654950682\n|switch|p2a: Jirachi|Jirachi|96\/100 par\n|move|p1a: Blissey|Seismic Toss|p2a: Jirachi\n|-damage|p2a: Jirachi|66\/100 par\n|\n|-heal|p2a: Jirachi|73\/100 par|[from] item: Leftovers\n|upkeep\n|turn|17\n|\n|t:|1654950690\n|move|p2a: Jirachi|U-turn|p1a: Blissey\n|-damage|p1a: Blissey|89\/100\n|inactive|LolzMachine has 120 seconds left.\n|\n|t:|1654950725\n|switch|p2a: Haxorus|Haxorus, M|100\/100|[from]move: U-turn\n|-status|p2a: Haxorus|psn\n|-ability|p2a: Haxorus|Mold Breaker\n|move|p1a: Blissey|Seismic Toss|p2a: Haxorus\n|-damage|p2a: Haxorus|66\/100 psn\n|\n|-damage|p2a: Haxorus|54\/100 psn|[from] psn\n|upkeep\n|turn|18\n|\n|t:|1654950737\n|switch|p2a: Magnezone|Magnezone|50\/100\n|switch|p1a: Skarmory|Skarmory, M|100\/100\n|-damage|p1a: Skarmory|88\/100|[from] Stealth Rock\n|\n|upkeep\n|turn|19\n|j| 7acomm\n|\n|t:|1654950744\n|move|p2a: Magnezone|Volt Switch|p1a: Skarmory\n|-supereffective|p1a: Skarmory\n|-damage|p1a: Skarmory|0 fnt\n|faint|p1a: Skarmory\n|\n|t:|1654950750\n|switch|p2a: Haxorus|Haxorus, M|54\/100 psn|[from]move: Volt Switch\n|-ability|p2a: Haxorus|Mold Breaker\n|\n|-damage|p2a: Haxorus|42\/100 psn|[from] psn\n|upkeep\n|\n|t:|1654950768\n|switch|p1a: Toxapex|Toxapex, M|99\/100\n|-damage|p1a: Toxapex|87\/100|[from] Stealth Rock\n|turn|20\n|\n|t:|1654950777\n|switch|p2a: Jirachi|Jirachi|73\/100 par\n|move|p1a: Toxapex|Recover|p1a: Toxapex\n|-heal|p1a: Toxapex|100\/100\n|\n|-heal|p2a: Jirachi|79\/100 par|[from] item: Leftovers\n|upkeep\n|turn|21\n|\n|t:|1654950785\n|move|p2a: Jirachi|Psychic|p1a: Toxapex\n|-supereffective|p1a: Toxapex\n|-damage|p1a: Toxapex|29\/100\n|move|p1a: Toxapex|Knock Off|p2a: Jirachi\n|-supereffective|p2a: Jirachi\n|-damage|p2a: Jirachi|48\/100 par\n|-enditem|p2a: Jirachi|Leftovers|[from] move: Knock Off|[of] p1a: Toxapex\n|\n|upkeep\n|turn|22\n|c| 7acomm|demolish\n|\n|t:|1654950804\n|switch|p1a: Zeraora|Zeraora|100\/100\n|move|p2a: Jirachi|U-turn|p1a: Zeraora\n|-damage|p1a: Zeraora|82\/100\n|\n|t:|1654950818\n|switch|p2a: Garchomp|Garchomp, F|100\/100|[from]move: U-turn\n|-status|p2a: Garchomp|psn\n|\n|-damage|p2a: Garchomp|88\/100 psn|[from] psn\n|upkeep\n|turn|23\n|c|\u2606LolzMachine|DRAGMAG\n|\n|t:|1654950825\n|switch|p1a: Toxapex|Toxapex, M|63\/100\n|-damage|p1a: Toxapex|50\/100|[from] Stealth Rock\n|move|p2a: Garchomp|Earthquake|p1a: Toxapex\n|-supereffective|p1a: Toxapex\n|-damage|p1a: Toxapex|0 fnt\n|faint|p1a: Toxapex\n|\n|-damage|p2a: Garchomp|76\/100 psn|[from] psn\n|upkeep\n|-message|thodoras edition forfeited.\n|\n|win|LolzMachine\n|raw|thodoras edition's rating: 1669 &rarr; <strong>1643<\/strong><br \/>(-26 for losing)\n|raw|LolzMachine's rating: 1568 &rarr; <strong>1594<\/strong><br \/>(+26 for winning)\n|l|\u2606thodoras edition\n|l| 7acomm\n||Ladder isn't responding, score probably updated but might not have (Request timeout).\n","uploadtime":1654950864,"views":17,"p1id":"thodorasedition","p2id":"lolzmachine","formatid":"gen8ou","rating":1594,"private":0,"password":null}