{"id":"gen8ou-1516307037","p1":"hyperscreens","p2":"GORAN EL DRACO","format":"gen8ou","log":"|j|\u2606hyperscreens\n|j|\u2606GORAN EL DRACO\n|t:|1645527324\n|gametype|singles\n|player|p1|hyperscreens|infielder|1614\n|player|p2|GORAN EL DRACO|harlequin|1754\n|teamsize|p1|6\n|teamsize|p2|6\n|gen|8\n|tier|[Gen 8] OU\n|rated|\n|rule|Sleep Clause Mod: Limit one foe put to sleep\n|rule|Species Clause: Limit one of each Pok\u00e9mon\n|rule|OHKO Clause: OHKO moves are banned\n|rule|Evasion Moves Clause: Evasion moves are banned\n|rule|Endless Battle Clause: Forcing endless battles is banned\n|rule|HP Percentage Mod: HP is shown in percentages\n|rule|Dynamax Clause: You cannot dynamax\n|clearpoke\n|poke|p1|Corviknight, F|\n|poke|p1|Melmetal|\n|poke|p1|Urshifu-*, F|\n|poke|p1|Garchomp, F|\n|poke|p1|Dragapult, F|\n|poke|p1|Tapu Lele|\n|poke|p2|Tyranitar, F|\n|poke|p2|Urshifu-*, F|\n|poke|p2|Landorus-Therian, M|\n|poke|p2|Tapu Lele|\n|poke|p2|Melmetal|\n|poke|p2|Volcanion|\n|teampreview\n|inactive|Battle timer is ON: inactive players will automatically lose when time's up. (requested by GORAN EL DRACO)\n|inactive|hyperscreens also wants the timer to be on.\n|j| f65701\n|j|+Dragonillis\n|\n|t:|1645527342\n|start\n|switch|p1a: Tapu Lele|Tapu Lele|100\/100\n|switch|p2a: Landorus|Landorus-Therian, M|100\/100\n|-fieldstart|move: Psychic Terrain|[from] ability: Psychic Surge|[of] p1a: Tapu Lele\n|-ability|p2a: Landorus|Intimidate|boost\n|-unboost|p1a: Tapu Lele|atk|1\n|turn|1\n|\n|t:|1645527347\n|switch|p1a: Corviknight|Corviknight, F|100\/100\n|-ability|p1a: Corviknight|Pressure\n|move|p2a: Landorus|Knock Off|p1a: Corviknight\n|-damage|p1a: Corviknight|79\/100\n|-damage|p2a: Landorus|84\/100|[from] item: Rocky Helmet|[of] p1a: Corviknight\n|-enditem|p1a: Corviknight|Rocky Helmet|[from] move: Knock Off|[of] p2a: Landorus\n|\n|upkeep\n|turn|2\n|\n|t:|1645527350\n|move|p2a: Landorus|Stealth Rock|p1a: Corviknight\n|-sidestart|p1: hyperscreens|move: Stealth Rock\n|move|p1a: Corviknight|Defog|p2a: Landorus\n|-unboost|p2a: Landorus|evasion|1\n|-sideend|p1: hyperscreens|Stealth Rock|[from] move: Defog|[of] p1a: Corviknight\n|-fieldend|move: Psychic Terrain\n|\n|upkeep\n|turn|3\n|\n|t:|1645527353\n|move|p2a: Landorus|Stealth Rock|p1a: Corviknight\n|-sidestart|p1: hyperscreens|move: Stealth Rock\n|move|p1a: Corviknight|U-turn|p2a: Landorus\n|-resisted|p2a: Landorus\n|-damage|p2a: Landorus|77\/100\n|\n|t:|1645527357\n|switch|p1a: Urshifu|Urshifu-Rapid-Strike, F|100\/100|[from]move: U-turn\n|-damage|p1a: Urshifu|94\/100|[from] Stealth Rock\n|\n|upkeep\n|turn|4\n|\n|t:|1645527366\n|move|p1a: Urshifu|Close Combat|p2a: Landorus\n|-resisted|p2a: Landorus\n|-damage|p2a: Landorus|32\/100\n|-unboost|p1a: Urshifu|def|1\n|-unboost|p1a: Urshifu|spd|1\n|move|p2a: Landorus|U-turn|p1a: Urshifu\n|-resisted|p1a: Urshifu\n|-damage|p1a: Urshifu|78\/100\n|\n|t:|1645527374\n|switch|p2a: Tapu Lele|Tapu Lele|100\/100|[from]move: U-turn\n|-fieldstart|move: Psychic Terrain|[from] ability: Psychic Surge|[of] p2a: Tapu Lele\n|\n|upkeep\n|turn|5\n|\n|t:|1645527385\n|switch|p1a: Corviknight|Corviknight, F|79\/100\n|-damage|p1a: Corviknight|66\/100|[from] Stealth Rock\n|-ability|p1a: Corviknight|Pressure\n|move|p2a: Tapu Lele|Psychic|p1a: Corviknight\n|-resisted|p1a: Corviknight\n|-damage|p1a: Corviknight|38\/100\n|\n|upkeep\n|turn|6\n|\n|t:|1645527393\n|switch|p2a: Volcanion|Volcanion|100\/100\n|move|p1a: Corviknight|Defog|p2a: Volcanion\n|-unboost|p2a: Volcanion|evasion|1\n|-sideend|p1: hyperscreens|Stealth Rock|[from] move: Defog|[of] p1a: Corviknight\n|-fieldend|move: Psychic Terrain\n|\n|upkeep\n|turn|7\n|\n|t:|1645527406\n|switch|p1a: Dragapult|Dragapult, F|100\/100\n|move|p2a: Volcanion|Steam Eruption|p1a: Dragapult\n|-resisted|p1a: Dragapult\n|-damage|p1a: Dragapult|58\/100\n|\n|upkeep\n|turn|8\n|\n|t:|1645527412\n|move|p1a: Dragapult|U-turn|p2a: Volcanion\n|-resisted|p2a: Volcanion\n|-damage|p2a: Volcanion|93\/100\n|\n|t:|1645527419\n|switch|p1a: Urshifu|Urshifu-Rapid-Strike, F|78\/100|[from]move: U-turn\n|move|p2a: Volcanion|Steam Eruption|p1a: Urshifu\n|-resisted|p1a: Urshifu\n|-damage|p1a: Urshifu|32\/100\n|\n|upkeep\n|turn|9\n|\n|t:|1645527430\n|switch|p2a: Tapu Lele|Tapu Lele|100\/100\n|-fieldstart|move: Psychic Terrain|[from] ability: Psychic Surge|[of] p2a: Tapu Lele\n|move|p1a: Urshifu|Close Combat|p2a: Tapu Lele\n|-resisted|p2a: Tapu Lele\n|-damage|p2a: Tapu Lele|64\/100\n|-unboost|p1a: Urshifu|def|1\n|-unboost|p1a: Urshifu|spd|1\n|\n|upkeep\n|turn|10\n|\n|t:|1645527436\n|switch|p1a: Melmetal|Melmetal|100\/100\n|move|p2a: Tapu Lele|Psychic|p1a: Melmetal\n|-resisted|p1a: Melmetal\n|-damage|p1a: Melmetal|86\/100\n|\n|upkeep\n|turn|11\n|j| zitaijiazi\n|\n|t:|1645527458\n|switch|p2a: Urshifu|Urshifu-Rapid-Strike, F|100\/100\n|move|p1a: Melmetal|Earthquake|p2a: Urshifu\n|-damage|p2a: Urshifu|67\/100\n|\n|upkeep\n|turn|12\n|\n|t:|1645527466\n|move|p2a: Urshifu|Surging Strikes|p1a: Melmetal\n|-crit|p1a: Melmetal\n|-damage|p1a: Melmetal|66\/100\n|-crit|p1a: Melmetal\n|-damage|p1a: Melmetal|47\/100\n|-crit|p1a: Melmetal\n|-damage|p1a: Melmetal|29\/100\n|-hitcount|p1a: Melmetal|3\n|move|p1a: Melmetal|Thunder Punch|p2a: Urshifu\n|-supereffective|p2a: Urshifu\n|-crit|p2a: Urshifu\n|-damage|p2a: Urshifu|0 fnt\n|faint|p2a: Urshifu\n|\n|upkeep\n|\n|t:|1645527475\n|switch|p2a: Landorus|Landorus-Therian, M|32\/100\n|-ability|p2a: Landorus|Intimidate|boost\n|-unboost|p1a: Melmetal|atk|1\n|turn|13\n|\n|t:|1645527480\n|switch|p1a: Corviknight|Corviknight, F|38\/100\n|-ability|p1a: Corviknight|Pressure\n|move|p2a: Landorus|Stealth Rock|p1a: Corviknight\n|-sidestart|p1: hyperscreens|move: Stealth Rock\n|\n|-fieldend|move: Psychic Terrain\n|upkeep\n|turn|14\n|\n|t:|1645527482\n|move|p2a: Landorus|U-turn|p1a: Corviknight\n|-resisted|p1a: Corviknight\n|-damage|p1a: Corviknight|35\/100\n|\n|t:|1645527485\n|switch|p2a: Volcanion|Volcanion|93\/100|[from]move: U-turn\n|move|p1a: Corviknight|Roost|p1a: Corviknight\n|-heal|p1a: Corviknight|85\/100\n|-singleturn|p1a: Corviknight|move: Roost\n|\n|upkeep\n|turn|15\n|\n|t:|1645527490\n|move|p2a: Volcanion|Flamethrower|p1a: Corviknight\n|-supereffective|p1a: Corviknight\n|-damage|p1a: Corviknight|0 fnt\n|faint|p1a: Corviknight\n|\n|upkeep\n|\n|t:|1645527497\n|switch|p1a: Urshifu|Urshifu-Rapid-Strike, F|32\/100\n|-damage|p1a: Urshifu|26\/100|[from] Stealth Rock\n|turn|16\n|\n|t:|1645527501\n|switch|p2a: Landorus|Landorus-Therian, M|32\/100\n|-ability|p2a: Landorus|Intimidate|boost\n|-unboost|p1a: Urshifu|atk|1\n|move|p1a: Urshifu|Close Combat|p2a: Landorus\n|-resisted|p2a: Landorus\n|-damage|p2a: Landorus|0 fnt\n|-unboost|p1a: Urshifu|def|1\n|-unboost|p1a: Urshifu|spd|1\n|faint|p2a: Landorus\n|\n|upkeep\n|\n|t:|1645527506\n|switch|p2a: Tapu Lele|Tapu Lele|64\/100\n|-fieldstart|move: Psychic Terrain|[from] ability: Psychic Surge|[of] p2a: Tapu Lele\n|turn|17\n|\n|t:|1645527521\n|switch|p1a: Dragapult|Dragapult, F|58\/100\n|-damage|p1a: Dragapult|45\/100|[from] Stealth Rock\n|move|p2a: Tapu Lele|Psychic|p1a: Dragapult\n|-damage|p1a: Dragapult|0 fnt\n|faint|p1a: Dragapult\n|\n|upkeep\n|\n|t:|1645527527\n|switch|p1a: Melmetal|Melmetal|29\/100\n|-damage|p1a: Melmetal|23\/100|[from] Stealth Rock\n|turn|18\n|\n|t:|1645527534\n|switch|p2a: Volcanion|Volcanion|93\/100\n|move|p1a: Melmetal|Earthquake|p2a: Volcanion\n|-supereffective|p2a: Volcanion\n|-damage|p2a: Volcanion|29\/100\n|\n|upkeep\n|turn|19\n|\n|t:|1645527540\n|move|p2a: Volcanion|Steam Eruption|p1a: Melmetal\n|-damage|p1a: Melmetal|0 fnt\n|faint|p1a: Melmetal\n|\n|upkeep\n|\n|t:|1645527544\n|switch|p1a: Garchomp|Garchomp, F|100\/100\n|-damage|p1a: Garchomp|94\/100|[from] Stealth Rock\n|turn|20\n|\n|t:|1645527550\n|move|p1a: Garchomp|Scale Shot|p2a: Volcanion\n|-damage|p2a: Volcanion|17\/100\n|-damage|p2a: Volcanion|5\/100\n|-damage|p2a: Volcanion|0 fnt\n|faint|p2a: Volcanion\n|-hitcount|p2: Volcanion|3\n|-unboost|p1a: Garchomp|def|1\n|-boost|p1a: Garchomp|spe|1\n|\n|-heal|p1a: Garchomp|100\/100|[from] item: Leftovers\n|upkeep\n|\n|t:|1645527554\n|switch|p2a: Melmetal|Melmetal|100\/100\n|turn|21\n|\n|t:|1645527561\n|switch|p1a: Tapu Lele|Tapu Lele|100\/100\n|-damage|p1a: Tapu Lele|88\/100|[from] Stealth Rock\n|move|p2a: Melmetal|Ice Punch|p1a: Tapu Lele\n|-damage|p1a: Tapu Lele|3\/100\n|\n|-fieldend|move: Psychic Terrain\n|upkeep\n|turn|22\n|\n|t:|1645527571\n|switch|p2a: Tyranitar|Tyranitar, F|100\/100\n|-weather|Sandstorm|[from] ability: Sand Stream|[of] p2a: Tyranitar\n|move|p1a: Tapu Lele|Focus Blast|p2a: Tyranitar\n|-supereffective|p2a: Tyranitar\n|-damage|p2a: Tyranitar|0 fnt\n|faint|p2a: Tyranitar\n|\n|-weather|Sandstorm|[upkeep]\n|-damage|p1a: Tapu Lele|0 fnt|[from] Sandstorm\n|faint|p1a: Tapu Lele\n|upkeep\n|\n|t:|1645527581\n|switch|p1a: Garchomp|Garchomp, F|100\/100\n|switch|p2a: Tapu Lele|Tapu Lele|64\/100\n|-fieldstart|move: Psychic Terrain|[from] ability: Psychic Surge|[of] p2a: Tapu Lele\n|-damage|p1a: Garchomp|94\/100|[from] Stealth Rock\n|turn|23\n|\n|t:|1645527583\n|move|p2a: Tapu Lele|Moonblast|p1a: Garchomp\n|-supereffective|p1a: Garchomp\n|-damage|p1a: Garchomp|0 fnt\n|faint|p1a: Garchomp\n|\n|-weather|Sandstorm|[upkeep]\n|-damage|p2a: Tapu Lele|58\/100|[from] Sandstorm\n|upkeep\n|-message|hyperscreens forfeited.\n|\n|win|GORAN EL DRACO\n|raw|hyperscreens's rating: 1614 &rarr; <strong>1602<\/strong><br \/>(-12 for losing)\n|raw|GORAN EL DRACO's rating: 1754 &rarr; <strong>1766<\/strong><br \/>(+12 for winning)\n|l|\u2606hyperscreens\n","uploadtime":1645527592,"views":120,"p1id":"hyperscreens","p2id":"goraneldraco","formatid":"gen8ou","rating":1602,"private":0,"password":null}