{"id":"gen8ou-1641395277","p1":"lou dort","p2":"El Hueco Mundo","format":"gen8ou","log":"|j|\u2606lou dort\n|j|\u2606El Hueco Mundo\n|inactive|Battle timer is ON: inactive players will automatically lose when time's up.\n|t:|1660700135\n|gametype|singles\n|player|p1|lou dort|nate|\n|player|p2|El Hueco Mundo|266|\n|teamsize|p1|6\n|teamsize|p2|6\n|gen|8\n|tier|[Gen 8] OU\n|rated|Tournament battle\n|rule|Sleep Clause Mod: Limit one foe put to sleep\n|rule|Species Clause: Limit one of each Pok\u00e9mon\n|rule|OHKO Clause: OHKO moves are banned\n|rule|Evasion Items Clause: Evasion items are banned\n|rule|Evasion Moves Clause: Evasion moves are banned\n|rule|Endless Battle Clause: Forcing endless battles is banned\n|rule|HP Percentage Mod: HP is shown in percentages\n|rule|Dynamax Clause: You cannot dynamax\n|clearpoke\n|poke|p1|Chansey, F|\n|poke|p1|Snorlax, F|\n|poke|p1|Tauros, M|\n|poke|p1|Mewtwo|\n|poke|p1|Mew|\n|poke|p1|Alakazam, F|\n|poke|p2|Zapdos|\n|poke|p2|Chansey, F|\n|poke|p2|Tauros, M|\n|poke|p2|Slowbro, M|\n|poke|p2|Dugtrio, F|\n|poke|p2|Mewtwo|\n|teampreview\n|inactive|lou dort also wants the timer to be on.\n|c|\u2606El Hueco Mundo|glhf\n|c|\u2606lou dort|u2\n|j| Criminelly\n|j|%htcl\n|\n|t:|1660700152\n|start\n|switch|p1a: Alakazam|Alakazam, F|100\/100\n|switch|p2a: Chansey|Chansey, F|100\/100\n|turn|1\n|j|%Sww-Suwa\n|\n|t:|1660700172\n|switch|p2a: Zapdos|Zapdos|100\/100\n|move|p1a: Alakazam|Teleport|p1a: Alakazam\n|l|%Sww-Suwa\n|\n|t:|1660700180\n|switch|p1a: Mewtwo|Mewtwo|100\/100|[from]move: Teleport\n|-ability|p1a: Mewtwo|Pressure\n|\n|upkeep\n|turn|2\n|c|\u2606El Hueco Mundo|suwa built different\n|\n|t:|1660700190\n|switch|p2a: Chansey|Chansey, F|100\/100\n|move|p1a: Mewtwo|Ice Beam|p2a: Chansey\n|-damage|p2a: Chansey|90\/100\n|\n|upkeep\n|turn|3\n|\n|t:|1660700200\n|move|p1a: Mewtwo|Low Kick|p2a: Chansey\n|-supereffective|p2a: Chansey\n|-damage|p2a: Chansey|47\/100\n|move|p2a: Chansey|Toxic|p1a: Mewtwo|[miss]\n|-miss|p2a: Chansey|p1a: Mewtwo\n|\n|upkeep\n|turn|4\n|c|\u2606El Hueco Mundo|fuck\n|\n|t:|1660700207\n|move|p1a: Mewtwo|Low Kick|p2a: Chansey\n|-supereffective|p2a: Chansey\n|-damage|p2a: Chansey|0 fnt\n|faint|p2a: Chansey\n|\n|upkeep\n|c|\u2606El Hueco Mundo|wtf\n|c|\u2606lou dort|THE ROLL\n|c|\u2606El Hueco Mundo|BRO\n|c|\u2606El Hueco Mundo|THIS IS SUCH BS WTF\n|c|\u2606El Hueco Mundo|dumbass roll and a poison miss\n|c|\u2606El Hueco Mundo|rigged\n|c|\u2606lou dort|if its rigged u should forfeit rn\n|inactive|El Hueco Mundo has 120 seconds left.\n|c|%htcl|wait\n|\n|t:|1660700241\n|switch|p2a: Mewtwo|Mewtwo|100\/100\n|-ability|p2a: Mewtwo|Pressure\n|turn|5\n|c|%htcl|how did that do so much\n|c|\u2606El Hueco Mundo|yeah good idea\n|c|%htcl|El Hueco Mundo are you eviolite\n|c|\u2606lou dort|im not minus attack\n|inactive|El Hueco Mundo has 120 seconds left.\n|c|\u2606El Hueco Mundo|yeah\n|j| TheNewBrends11\n|c|%htcl|wtf\n|c|%htcl|!dt chansey\n|raw|<div class=\"message\"><ul class=\"utilichart\"><li class=\"result\"><span class=\"col numcol\">UU<\/span> <span class=\"col iconcol\"><psicon pokemon=\"chansey\"\/><\/span> <span class=\"col pokemonnamecol\" style=\"white-space:nowrap\"><a href=\"https:\/\/dex.pokemonshowdown.com\/pokemon\/chansey\" target=\"_blank\">Chansey<\/a><\/span> <span class=\"col typecol\"><img src=\"https:\/\/play.pokemonshowdown.com\/sprites\/types\/Normal.png\" alt=\"Normal\" height=\"14\" width=\"32\"><\/span> <span style=\"float:left;min-height:26px\"><span class=\"col twoabilitycol\">Natural Cure<br \/>Serene Grace<\/span><span class=\"col abilitycol\"><em>Healer<\/em><\/span><\/span><span style=\"float:left;min-height:26px\"><span class=\"col statcol\"><em>HP<\/em><br \/>250<\/span> <span class=\"col statcol\"><em>Atk<\/em><br \/>5<\/span> <span class=\"col statcol\"><em>Def<\/em><br \/>5<\/span> <span class=\"col statcol\"><em>SpA<\/em><br \/>35<\/span> <span class=\"col statcol\"><em>SpD<\/em><br \/>105<\/span> <span class=\"col statcol\"><em>Spe<\/em><br \/>50<\/span> <span class=\"col bstcol\"><em>BST<br \/>450<\/em><\/span> <\/span><\/li><li style=\"clear:both\"><\/li><\/ul><\/div>\n|raw|<font size=\"1\"><font color=\"#686868\">Dex#:<\/font> 113&nbsp;|&ThickSpace;<font color=\"#686868\">Gen:<\/font> 1&nbsp;|&ThickSpace;<font color=\"#686868\">Height:<\/font> 1.1 m&nbsp;|&ThickSpace;<font color=\"#686868\">Weight:<\/font> 34.6 kg <em>(60 BP)<\/em>&nbsp;|&ThickSpace;<font color=\"#686868\">Dex Colour:<\/font> Pink&nbsp;|&ThickSpace;<font color=\"#686868\">Egg Group(s):<\/font> Fairy&nbsp;|&ThickSpace;<font color=\"#686868\">Evolution:<\/font> Blissey (level-up with high Friendship)<\/font>\n\n|c|%htcl|60 bp\n|c|\u2606El Hueco Mundo|hes mixed prolly\n|c|%htcl|hmmm\n|c|%htcl|oh\n|c|%htcl|maybe atk invest then ya\n|j| PoobleMaster945\n|c|\u2606El Hueco Mundo|which makes this mu very winnable actually\n|c|\u2606El Hueco Mundo|cuz less spatk\n|inactive|El Hueco Mundo has 90 seconds left.\n|\n|t:|1660700283\n|switch|p1a: Mew|Mew|100\/100\n|move|p2a: Mewtwo|Fire Blast|p1a: Mew\n|-damage|p1a: Mew|58\/100\n|\n|-heal|p1a: Mew|64\/100|[from] item: Leftovers\n|upkeep\n|turn|6\n|c|%htcl|bc in h moment's battle\n|c|%htcl|The opposing Mewtwo used Submission!\n|c|%htcl|It's super effective!\n|c|%htcl|(Chansey lost 21% of its health!)\n|c|%htcl|shit bounces off\n|inactive|El Hueco Mundo has 90 seconds left.\n|c|\u2606El Hueco Mundo|yeah\n|c|\u2606El Hueco Mundo|h moment is also lucky and bad\n|c|\u2606lou dort|check if ur max spdef\n|c|\u2606El Hueco Mundo|so thats prolly why\n|c|\u2606El Hueco Mundo|no im max max physically\n|\n|t:|1660700322\n|switch|p2a: Slowbro|Slowbro, M|100\/100\n|move|p1a: Mew|Leech Life|p2a: Slowbro\n|-supereffective|p2a: Slowbro\n|-damage|p2a: Slowbro|68\/100\n|-heal|p1a: Mew|83\/100|[from] drain|[of] p2a: Slowbro\n|\n|-heal|p1a: Mew|89\/100|[from] item: Leftovers\n|-heal|p2a: Slowbro|74\/100|[from] item: Leftovers\n|upkeep\n|turn|7\n|j| Currently building\n|j| ACharizardTrainer\n|c|\u2606El Hueco Mundo|oh fuck\n|j| The God of 1v1\n|l| The God of 1v1\n|\n|t:|1660700335\n|move|p1a: Mew|Swords Dance|p1a: Mew\n|-boost|p1a: Mew|atk|2\n|move|p2a: Slowbro|Teleport|p2a: Slowbro\n|\n|t:|1660700341\n|switch|p2a: Dugtrio|Dugtrio, F|100\/100|[from]move: Teleport\n|\n|-heal|p1a: Mew|95\/100|[from] item: Leftovers\n|upkeep\n|turn|8\n|\n|t:|1660700348\n|move|p2a: Dugtrio|Earthquake|p1a: Mew\n|-damage|p1a: Mew|34\/100\n|move|p1a: Mew|Leech Life|p2a: Dugtrio\n|-damage|p2a: Dugtrio|0 fnt\n|-heal|p1a: Mew|65\/100|[from] drain|[of] p2a: Dugtrio\n|faint|p2a: Dugtrio\n|\n|-heal|p1a: Mew|71\/100|[from] item: Leftovers\n|upkeep\n|c|%htcl|ayo\n|inactive|El Hueco Mundo has 60 seconds left.\n|\n|t:|1660700371\n|switch|p2a: Zapdos|Zapdos|100\/100\n|turn|9\n|c|\u2606El Hueco Mundo|ok ima just\n|c|\u2606El Hueco Mundo|sweep with tauros\n|c|\u2606El Hueco Mundo|this is winnable\n|\n|t:|1660700401\n|switch|p1a: Mewtwo|Mewtwo|100\/100\n|-ability|p1a: Mewtwo|Pressure\n|move|p2a: Zapdos|Reflect|p2a: Zapdos\n|-sidestart|p2: El Hueco Mundo|Reflect\n|\n|upkeep\n|turn|10\n|\n|t:|1660700411\n|move|p1a: Mewtwo|Ice Beam|p2a: Zapdos\n|-supereffective|p2a: Zapdos\n|-damage|p2a: Zapdos|51\/100\n|move|p2a: Zapdos|Light Screen|p2a: Zapdos\n|-sidestart|p2: El Hueco Mundo|move: Light Screen\n|\n|upkeep\n|turn|11\n|\n|t:|1660700420\n|switch|p2a: Tauros|Tauros, M|100\/100\n|move|p1a: Mewtwo|Ice Beam|p2a: Tauros\n|-damage|p2a: Tauros|70\/100\n|\n|upkeep\n|turn|12\n|\n|t:|1660700437\n|move|p1a: Mewtwo|Psychic|p2a: Tauros\n|-damage|p2a: Tauros|21\/100\n|move|p2a: Tauros|Body Slam|p1a: Mewtwo\n|-damage|p1a: Mewtwo|33\/100\n|\n|-heal|p1a: Mewtwo|39\/100|[from] item: Leftovers\n|upkeep\n|turn|13\n|c|\u2606lou dort|no sweep\n|c|\u2606El Hueco Mundo|wtf\n|c|\u2606lou dort|also are u light clay\n|c|\u2606El Hueco Mundo|nah boots\n|c|\u2606lou dort|WHY\n|c|\u2606lou dort|THERES NO HAZARDS\n|\n|t:|1660700462\n|switch|p2a: Slowbro|Slowbro, M|100\/100\n|move|p1a: Mewtwo|Thunderbolt|p2a: Slowbro\n|-supereffective|p2a: Slowbro\n|-damage|p2a: Slowbro|62\/100\n|\n|-heal|p1a: Mewtwo|45\/100|[from] item: Leftovers\n|-heal|p2a: Slowbro|68\/100|[from] item: Leftovers\n|upkeep\n|turn|14\n|c| ACharizardTrainer|no rocks lmfao\n|c|\u2606El Hueco Mundo|oh fr?\n|c|\u2606El Hueco Mundo|no way\n|\n|t:|1660700471\n|move|p1a: Mewtwo|Thunderbolt|p2a: Slowbro\n|-supereffective|p2a: Slowbro\n|-damage|p2a: Slowbro|29\/100\n|move|p2a: Slowbro|Thunder Wave|p1a: Mewtwo\n|-status|p1a: Mewtwo|par\n|\n|-heal|p1a: Mewtwo|51\/100 par|[from] item: Leftovers\n|-heal|p2a: Slowbro|35\/100|[from] item: Leftovers\n|upkeep\n|turn|15\n|inactive|El Hueco Mundo has 60 seconds left.\n|c|\u2606lou dort|i think i do lose to tauros\n|c|\u2606lou dort|unless i win the tie\n|c|\u2606El Hueco Mundo|see im very smart cuz im predicting the full para here\n|\n|t:|1660700500\n|move|p1a: Mewtwo|Thunderbolt|p2a: Slowbro\n|-supereffective|p2a: Slowbro\n|-damage|p2a: Slowbro|0 fnt\n|faint|p2a: Slowbro\n|\n|-heal|p1a: Mewtwo|58\/100 par|[from] item: Leftovers\n|upkeep\n|c|\u2606El Hueco Mundo|very smart\n|l| Currently building\n|l| Criminelly\n|\n|t:|1660700512\n|switch|p2a: Tauros|Tauros, M|21\/100\n|turn|16\n|\n|t:|1660700515\n|move|p2a: Tauros|Body Slam|p1a: Mewtwo\n|-damage|p1a: Mewtwo|0 fnt\n|faint|p1a: Mewtwo\n|\n|-sideend|p2: El Hueco Mundo|Reflect\n|upkeep\n|\n|t:|1660700520\n|switch|p1a: Tauros|Tauros, M|100\/100\n|turn|17\n|\n|t:|1660700526\n|switch|p2a: Zapdos|Zapdos|51\/100\n|move|p1a: Tauros|Body Slam|p2a: Zapdos\n|-damage|p2a: Zapdos|0 fnt\n|-status|p1a: Tauros|par|[from] ability: Static|[of] p2a: Zapdos\n|faint|p2a: Zapdos\n|\n|-sideend|p2: El Hueco Mundo|move: Light Screen\n|upkeep\n|c|%htcl|static\n|c|\u2606El Hueco Mundo|pls\n|c|%htcl|oooo\n|c|\u2606El Hueco Mundo|YES\n|inactive|El Hueco Mundo has 60 seconds left.\n|c|\u2606El Hueco Mundo|ok winnable\n|\n|t:|1660700553\n|switch|p2a: Mewtwo|Mewtwo|100\/100\n|-ability|p2a: Mewtwo|Pressure\n|turn|18\n|c|\u2606lou dort|theres no heal bell or aromatherapy this gen right\n|\n|t:|1660700559\n|switch|p2a: Tauros|Tauros, M|21\/100\n|move|p1a: Tauros|Double-Edge|p2a: Tauros\n|-damage|p2a: Tauros|0 fnt\n|faint|p2a: Tauros\n|-damage|p1a: Tauros|94\/100 par|[from] Recoil\n|-damage|p1a: Tauros|84\/100 par|[from] item: Life Orb\n|\n|upkeep\n|c|\u2606El Hueco Mundo|nah\n|c|\u2606lou dort|u are goofy\n|c|\u2606El Hueco Mundo|wait wtf\n|inactive|El Hueco Mundo has 60 seconds left.\n|c|\u2606El Hueco Mundo|yes\n|c|\u2606El Hueco Mundo|and now I lose\n|c|\u2606El Hueco Mundo|why do u stay in there tho\n|c|\u2606lou dort|u just sold the bag dawg\n|\n|t:|1660700574\n|switch|p2a: Mewtwo|Mewtwo|100\/100\n|-ability|p2a: Mewtwo|Pressure\n|turn|19\n|c|\u2606lou dort|cuz u cant ohko me\n|\n|t:|1660700584\n|move|p2a: Mewtwo|Psychic|p1a: Tauros\n|-damage|p1a: Tauros|0 fnt\n|faint|p1a: Tauros\n|\n|upkeep\n|c|\u2606El Hueco Mundo|yes I can what\n|c|\u2606lou dort|i was at max health\n|\n|t:|1660700598\n|switch|p1a: Chansey|Chansey, F|100\/100\n|turn|20\n|c|\u2606El Hueco Mundo|oh right\n|c|\u2606El Hueco Mundo|but im gonna para so its ok\n|\n|t:|1660700610\n|move|p2a: Mewtwo|Thunderbolt|p1a: Chansey\n|-damage|p1a: Chansey|88\/100\n|move|p1a: Chansey|Thunder Wave|p2a: Mewtwo\n|-status|p2a: Mewtwo|par\n|\n|upkeep\n|turn|21\n|\n|t:|1660700616\n|switch|p1a: Snorlax|Snorlax, F|100\/100\n|move|p2a: Mewtwo|Thunderbolt|p1a: Snorlax\n|-damage|p1a: Snorlax|79\/100\n|\n|upkeep\n|turn|22\n|\n|t:|1660700624\n|move|p2a: Mewtwo|Psychic|p1a: Snorlax\n|-damage|p1a: Snorlax|50\/100\n|move|p1a: Snorlax|Body Slam|p2a: Mewtwo\n|-damage|p2a: Mewtwo|56\/100 par\n|\n|-heal|p2a: Mewtwo|63\/100 par|[from] item: Leftovers\n|upkeep\n|turn|23\n|\n|t:|1660700630\n|move|p2a: Mewtwo|Psychic|p1a: Snorlax\n|-crit|p1a: Snorlax\n|-damage|p1a: Snorlax|2\/100\n|move|p1a: Snorlax|Body Slam|p2a: Mewtwo\n|-damage|p2a: Mewtwo|16\/100 par\n|\n|-heal|p2a: Mewtwo|22\/100 par|[from] item: Leftovers\n|upkeep\n|turn|24\n|c|\u2606lou dort|para this turn\n|\n|t:|1660700637\n|move|p2a: Mewtwo|Recover|p2a: Mewtwo\n|-heal|p2a: Mewtwo|72\/100 par\n|move|p1a: Snorlax|Rest|p1a: Snorlax\n|-status|p1a: Snorlax|slp|[from] move: Rest\n|-heal|p1a: Snorlax|100\/100 slp|[silent]\n|-enditem|p1a: Snorlax|Chesto Berry|[eat]\n|-curestatus|p1a: Snorlax|slp|[msg]\n|\n|-heal|p2a: Mewtwo|78\/100 par|[from] item: Leftovers\n|upkeep\n|turn|25\n|inactive|El Hueco Mundo has 90 seconds left.\n|\n|t:|1660700645\n|move|p2a: Mewtwo|Psychic|p1a: Snorlax\n|-damage|p1a: Snorlax|70\/100\n|move|p1a: Snorlax|Body Slam|p2a: Mewtwo\n|-damage|p2a: Mewtwo|31\/100 par\n|\n|-heal|p2a: Mewtwo|37\/100 par|[from] item: Leftovers\n|upkeep\n|turn|26\n|\n|t:|1660700652\n|move|p2a: Mewtwo|Recover|p2a: Mewtwo\n|-heal|p2a: Mewtwo|87\/100 par\n|move|p1a: Snorlax|Body Slam|p2a: Mewtwo\n|-crit|p2a: Mewtwo\n|-damage|p2a: Mewtwo|18\/100 par\n|\n|-heal|p2a: Mewtwo|24\/100 par|[from] item: Leftovers\n|upkeep\n|turn|27\n|\n|t:|1660700655\n|move|p2a: Mewtwo|Recover|p2a: Mewtwo\n|-heal|p2a: Mewtwo|74\/100 par\n|move|p1a: Snorlax|Body Slam|p2a: Mewtwo\n|-damage|p2a: Mewtwo|29\/100 par\n|\n|-heal|p2a: Mewtwo|35\/100 par|[from] item: Leftovers\n|upkeep\n|turn|28\n|c|\u2606lou dort|mb\n|c|\u2606El Hueco Mundo|yea it is ur bad\n|c|\u2606El Hueco Mundo|still mad about that roll\n|c|\u2606lou dort|ok\n|\n|t:|1660700673\n|move|p2a: Mewtwo|Recover|p2a: Mewtwo\n|-heal|p2a: Mewtwo|85\/100 par\n|move|p1a: Snorlax|Body Slam|p2a: Mewtwo\n|-damage|p2a: Mewtwo|43\/100 par\n|\n|-heal|p2a: Mewtwo|49\/100 par|[from] item: Leftovers\n|upkeep\n|turn|29\n|j|%h moment\n|c|\u2606lou dort|but u havent been full para'd once\n|\n|t:|1660700687\n|move|p2a: Mewtwo|Fire Blast|p1a: Snorlax\n|-crit|p1a: Snorlax\n|-damage|p1a: Snorlax|50\/100\n|-status|p1a: Snorlax|brn\n|move|p1a: Snorlax|Body Slam|p2a: Mewtwo\n|-damage|p2a: Mewtwo|27\/100 par\n|\n|-heal|p2a: Mewtwo|33\/100 par|[from] item: Leftovers\n|-damage|p1a: Snorlax|44\/100 brn|[from] brn\n|upkeep\n|turn|30\n|c|\u2606El Hueco Mundo|cuz im better\n|c|\u2606El Hueco Mundo|see\n|\n|t:|1660700697\n|move|p2a: Mewtwo|Recover|p2a: Mewtwo\n|-heal|p2a: Mewtwo|83\/100 par\n|move|p1a: Snorlax|Rest|p1a: Snorlax\n|-status|p1a: Snorlax|slp|[from] move: Rest\n|-heal|p1a: Snorlax|100\/100 slp|[silent]\n|\n|-heal|p2a: Mewtwo|89\/100 par|[from] item: Leftovers\n|upkeep\n|turn|31\n|c|\u2606El Hueco Mundo|ok I just gotta\n|c|\u2606El Hueco Mundo|spdef drop\n|c|\u2606El Hueco Mundo|and not get parad\n|\n|t:|1660700710\n|move|p2a: Mewtwo|Psychic|p1a: Snorlax\n|-damage|p1a: Snorlax|71\/100 slp\n|cant|p1a: Snorlax|slp\n|\n|-heal|p2a: Mewtwo|96\/100 par|[from] item: Leftovers\n|upkeep\n|turn|32\n|\n|t:|1660700716\n|move|p2a: Mewtwo|Psychic|p1a: Snorlax\n|-damage|p1a: Snorlax|39\/100 slp\n|cant|p1a: Snorlax|slp\n|\n|-heal|p2a: Mewtwo|100\/100 par|[from] item: Leftovers\n|upkeep\n|turn|33\n|c|%htcl|or just crit\n|c|%htcl|here\n|\n|t:|1660700723\n|cant|p2a: Mewtwo|par\n|-curestatus|p1a: Snorlax|slp|[msg]\n|move|p1a: Snorlax|Body Slam|p2a: Mewtwo\n|-damage|p2a: Mewtwo|53\/100 par\n|\n|-heal|p2a: Mewtwo|59\/100 par|[from] item: Leftovers\n|upkeep\n|turn|34\n|\n|t:|1660700725\n|cant|p2a: Mewtwo|par\n|move|p1a: Snorlax|Body Slam|p2a: Mewtwo\n|-damage|p2a: Mewtwo|12\/100 par\n|\n|-heal|p2a: Mewtwo|18\/100 par|[from] item: Leftovers\n|upkeep\n|turn|35\n|j| Pansears\n|c|\u2606El Hueco Mundo|bro\n|c|%htcl|oof\n|\n|t:|1660700731\n|switch|p1a: Mew|Mew|71\/100\n|move|p2a: Mewtwo|Recover|p2a: Mewtwo\n|-heal|p2a: Mewtwo|68\/100 par\n|\n|-heal|p1a: Mew|77\/100|[from] item: Leftovers\n|-heal|p2a: Mewtwo|74\/100 par|[from] item: Leftovers\n|upkeep\n|turn|36\n|c|\u2606El Hueco Mundo|oh nah ok\n|c|\u2606lou dort|gg\n|c|\u2606El Hueco Mundo|nah winnable\n|inactive|El Hueco Mundo has 120 seconds left.\n|\n|t:|1660700747\n|move|p1a: Mew|Swords Dance|p1a: Mew\n|-boost|p1a: Mew|atk|2\n|cant|p2a: Mewtwo|par\n|\n|-heal|p1a: Mew|83\/100|[from] item: Leftovers\n|-heal|p2a: Mewtwo|80\/100 par|[from] item: Leftovers\n|upkeep\n|turn|37\n|c|\u2606lou dort|u have to get fire blast burn\n|c|\u2606El Hueco Mundo|see\n|c|%htcl|oof\n|c|\u2606lou dort|but u didnt\n|inactive|El Hueco Mundo has 120 seconds left.\n|\n|t:|1660700758\n|move|p1a: Mew|Leech Life|p2a: Mewtwo\n|-supereffective|p2a: Mewtwo\n|-damage|p2a: Mewtwo|0 fnt\n|-heal|p1a: Mew|100\/100|[from] drain|[of] p2a: Mewtwo\n|faint|p2a: Mewtwo\n|\n|win|lou dort\n|n|\u2606lou dort|loudort\n|n|\u2606El Hueco Mundo|elhuecomundo\n|n| htcl|htcl\n|n| TheNewBrends11|thenewbrends11\n|n| PoobleMaster945|pooblemaster945\n|n| ACharizardTrainer|acharizardtrainer\n|n| h moment|hmoment\n|n| Pansears|pansears\n|c| htcl|maybe its time to run\n|c| htcl|shadow ball\n|c|\u2606El Hueco Mundo|I was gonna para\n|c|\u2606El Hueco Mundo|actually\n|c| htcl|on mewtwo\n|l| Pansears\n|c|\u2606El Hueco Mundo|yeah\n|c|\u2606lou dort|shadow ball is in gen 2\n|c|\u2606El Hueco Mundo|I should've don that\n|c| htcl|oh\n|c|\u2606lou dort|!dt1 shadow ball\n|error|No Pok\u00e9mon, item, move, ability or nature named 'shadow ball' was found in Gen 1. (Check your spelling?)\n|c| htcl|wtf\n|l|\u2606lou dort\n|c| htcl|nvm im tripping\n|c|\u2606El Hueco Mundo|I shouldve run night shade\n|l|\u2606El Hueco Mundo\n|c| htcl|lmfaoo\n|l| htcl\n|l| ACharizardTrainer\n","uploadtime":1660700819,"views":30,"p1id":"loudort","p2id":"elhuecomundo","formatid":"gen8ou","rating":0,"private":0,"password":null}