{"id":"gen8ou-1687098869","p1":"RggV","p2":"Iznamakin","format":"gen8ou","log":"|html|<div class=\"broadcast-blue\"><strong>[Gen 8] OU is currently suspecting Melmetal! For information on how to participate check out the <a href=\"https:\/\/www.smogon.com\/forums\/threads\/np-ss-ou-suspect-process-round-12-monster-mash.3709234\/\">suspect thread<\/a>.<\/strong><\/div>\n|j|\u2606RggV\n|j|\u2606Iznamakin\n|t:|1665927588\n|gametype|singles\n|player|p1|RggV|1|1703\n|player|p2|Iznamakin|chase|1732\n|teamsize|p1|6\n|teamsize|p2|6\n|gen|8\n|tier|[Gen 8] OU\n|rated|\n|rule|Sleep Clause Mod: Limit one foe put to sleep\n|rule|Species Clause: Limit one of each Pok\u00e9mon\n|rule|OHKO Clause: OHKO moves are banned\n|rule|Evasion Items Clause: Evasion items are banned\n|rule|Evasion Moves Clause: Evasion moves are banned\n|rule|Endless Battle Clause: Forcing endless battles is banned\n|rule|HP Percentage Mod: HP is shown in percentages\n|rule|Dynamax Clause: You cannot dynamax\n|clearpoke\n|poke|p1|Unfezant, M|\n|poke|p1|Magnezone|\n|poke|p1|Tapu Fini|\n|poke|p1|Dragapult, F|\n|poke|p1|Landorus-Therian, M|\n|poke|p1|Weavile, F|\n|poke|p2|Weavile, M|\n|poke|p2|Garchomp, M|\n|poke|p2|Kartana|\n|poke|p2|Dragapult, F|\n|poke|p2|Landorus-Therian, M|\n|poke|p2|Melmetal|\n|teampreview\n|c|\u2606Iznamakin|glhf bro\n|j| Kyurem\n|j| Youressi\n|j| avatar wan's bae\n|c|\u2606RggV|glhf my man\n|c|\u2606Iznamakin|was unfezant a request ?\n|c|\u2606RggV|yep\n|\n|t:|1665927635\n|start\n|switch|p1a: Weavile|Weavile, F|100\/100\n|switch|p2a: Shelby|Weavile, M, shiny|100\/100\n|-ability|p1a: Weavile|Pressure\n|-ability|p2a: Shelby|Pressure\n|turn|1\n|j| A Nub UwU\n|\n|t:|1665927657\n|switch|p1a: Tapu Fini|Tapu Fini, shiny|100\/100\n|-fieldstart|move: Misty Terrain|[from] ability: Misty Surge|[of] p1a: Tapu Fini\n|switch|p2a: Terminator|Melmetal, shiny|100\/100\n|\n|upkeep\n|turn|2\n|\n|t:|1665927672\n|switch|p2a: El Professor|Landorus-Therian, M, shiny|100\/100\n|-ability|p2a: El Professor|Intimidate|boost\n|-unboost|p1a: Tapu Fini|atk|1\n|move|p1a: Tapu Fini|Trick|p2a: El Professor\n|-activate|p1a: Tapu Fini|move: Trick|[of] p2a: El Professor\n|-item|p2a: El Professor|Choice Scarf|[from] move: Trick\n|-item|p1a: Tapu Fini|Rocky Helmet|[from] move: Trick\n|\n|upkeep\n|turn|3\n|j| GalarianN00b3\n|\n|t:|1665927679\n|move|p2a: El Professor|Stealth Rock|p1a: Tapu Fini\n|-sidestart|p1: RggV|move: Stealth Rock\n|move|p1a: Tapu Fini|Scald|p2a: El Professor\n|-supereffective|p2a: El Professor\n|-damage|p2a: El Professor|38\/100\n|\n|upkeep\n|turn|4\n|\n|t:|1665927684\n|switch|p2a: Terminator|Melmetal, shiny|100\/100\n|move|p1a: Tapu Fini|Defog|p2a: Terminator\n|-unboost|p2a: Terminator|evasion|1\n|-sideend|p1: RggV|Stealth Rock|[from] move: Defog|[of] p1a: Tapu Fini\n|-fieldend|Misty Terrain\n|\n|upkeep\n|turn|5\n|\n|t:|1665927688\n|switch|p1a: Enten|Landorus-Therian, M, shiny|100\/100\n|-ability|p1a: Enten|Intimidate|boost\n|-unboost|p2a: Terminator|atk|1\n|move|p2a: Terminator|Thunder Punch|p1a: Enten\n|-immune|p1a: Enten\n|\n|upkeep\n|turn|6\n|\n|t:|1665927693\n|switch|p2a: El Professor|Landorus-Therian, M, shiny|38\/100\n|-ability|p2a: El Professor|Intimidate|boost\n|-unboost|p1a: Enten|atk|1\n|move|p1a: Enten|U-turn|p2a: El Professor\n|-resisted|p2a: El Professor\n|-damage|p2a: El Professor|32\/100\n|j| zhuzi\n|\n|t:|1665927696\n|switch|p1a: Weavile|Weavile, F|100\/100|[from]move: U-turn\n|-ability|p1a: Weavile|Pressure\n|\n|upkeep\n|turn|7\n|\n|t:|1665927701\n|switch|p2a: Terminator|Melmetal, shiny|100\/100\n|move|p1a: Weavile|Beat Up|p2a: Terminator\n|-crit|p2a: Terminator\n|-damage|p2a: Terminator|88\/100\n|-damage|p2a: Terminator|83\/100\n|-crit|p2a: Terminator\n|-damage|p2a: Terminator|69\/100\n|-damage|p2a: Terminator|60\/100\n|-damage|p2a: Terminator|54\/100\n|-damage|p2a: Terminator|47\/100\n|-hitcount|p2a: Terminator|6\n|\n|upkeep\n|turn|8\n|\n|t:|1665927708\n|move|p1a: Weavile|Beat Up|p2a: Terminator\n|-damage|p2a: Terminator|39\/100\n|-damage|p2a: Terminator|33\/100\n|-damage|p2a: Terminator|25\/100\n|-damage|p2a: Terminator|17\/100\n|-damage|p2a: Terminator|12\/100\n|-damage|p2a: Terminator|4\/100\n|-hitcount|p2a: Terminator|6\n|move|p2a: Terminator|Earthquake|p1a: Weavile\n|-damage|p1a: Weavile|32\/100\n|\n|upkeep\n|turn|9\n|\n|t:|1665927712\n|switch|p2a: El Professor|Landorus-Therian, M, shiny|32\/100\n|-ability|p2a: El Professor|Intimidate|boost\n|-unboost|p1a: Weavile|atk|1\n|move|p1a: Weavile|Beat Up|p2a: El Professor\n|-damage|p2a: El Professor|27\/100\n|-damage|p2a: El Professor|22\/100\n|-crit|p2a: El Professor\n|-damage|p2a: El Professor|8\/100\n|-damage|p2a: El Professor|2\/100\n|-damage|p2a: El Professor|0 fnt\n|faint|p2a: El Professor\n|-hitcount|p2: El Professor|5\n|\n|upkeep\n|\n|t:|1665927714\n|switch|p2a: Shelby|Weavile, M, shiny|100\/100\n|-ability|p2a: Shelby|Pressure\n|turn|10\n|\n|t:|1665927717\n|switch|p1a: Tapu Fini|Tapu Fini, shiny|100\/100\n|-fieldstart|move: Misty Terrain|[from] ability: Misty Surge|[of] p1a: Tapu Fini\n|move|p2a: Shelby|Knock Off|p1a: Tapu Fini\n|-resisted|p1a: Tapu Fini\n|-damage|p1a: Tapu Fini|61\/100\n|-damage|p2a: Shelby|84\/100|[from] item: Rocky Helmet|[of] p1a: Tapu Fini\n|-enditem|p1a: Tapu Fini|Rocky Helmet|[from] move: Knock Off|[of] p2a: Shelby\n|\n|upkeep\n|turn|11\n|\n|t:|1665927723\n|switch|p2a: Terminator|Melmetal, shiny|4\/100\n|move|p1a: Tapu Fini|Moonblast|p2a: Terminator\n|-resisted|p2a: Terminator\n|-damage|p2a: Terminator|0 fnt\n|faint|p2a: Terminator\n|\n|upkeep\n|\n|t:|1665927729\n|switch|p2a: Escobar|Kartana, shiny|100\/100\n|turn|12\n|\n|t:|1665927732\n|switch|p2a: Reddington|Dragapult, F, shiny|100\/100\n|switch|p1a: Enten|Landorus-Therian, M, shiny|100\/100\n|-ability|p1a: Enten|Intimidate|boost\n|-unboost|p2a: Reddington|atk|1\n|\n|upkeep\n|turn|13\n|\n|t:|1665927736\n|move|p2a: Reddington|Shadow Ball|p1a: Enten\n|-damage|p1a: Enten|56\/100\n|-unboost|p1a: Enten|spd|1\n|move|p1a: Enten|Knock Off|p2a: Reddington\n|-supereffective|p2a: Reddington\n|-damage|p2a: Reddington|24\/100\n|-enditem|p2a: Reddington|Choice Specs|[from] move: Knock Off|[of] p1a: Enten\n|\n|-heal|p1a: Enten|62\/100|[from] item: Leftovers\n|upkeep\n|turn|14\n|j| games2006\n|\n|t:|1665927747\n|switch|p1a: Tapu Fini|Tapu Fini, shiny|61\/100\n|move|p2a: Reddington|Shadow Ball|p1a: Tapu Fini\n|-damage|p1a: Tapu Fini|24\/100\n|\n|-fieldend|Misty Terrain\n|upkeep\n|turn|15\n|j| FerZs\n|\n|t:|1665927754\n|move|p2a: Reddington|Shadow Ball|p1a: Tapu Fini\n|-damage|p1a: Tapu Fini|0 fnt\n|faint|p1a: Tapu Fini\n|\n|upkeep\n|\n|t:|1665927756\n|switch|p1a: Weavile|Weavile, F|32\/100\n|-ability|p1a: Weavile|Pressure\n|turn|16\n|\n|t:|1665927759\n|switch|p2a: Escobar|Kartana, shiny|100\/100\n|move|p1a: Weavile|Ice Shard|p2a: Escobar\n|-damage|p2a: Escobar|67\/100\n|\n|upkeep\n|turn|17\n|\n|t:|1665927767\n|switch|p2a: Reddington|Dragapult, F, shiny|24\/100\n|switch|p1a: Enten|Landorus-Therian, M, shiny|62\/100\n|-ability|p1a: Enten|Intimidate|boost\n|-unboost|p2a: Reddington|atk|1\n|\n|-heal|p1a: Enten|68\/100|[from] item: Leftovers\n|upkeep\n|turn|18\n|\n|t:|1665927776\n|move|p2a: Reddington|Draco Meteor|p1a: Enten\n|-damage|p1a: Enten|20\/100\n|-unboost|p2a: Reddington|spa|2\n|move|p1a: Enten|Earthquake|p2a: Reddington\n|-damage|p2a: Reddington|0 fnt\n|faint|p2a: Reddington\n|\n|-heal|p1a: Enten|26\/100|[from] item: Leftovers\n|upkeep\n|\n|t:|1665927783\n|switch|p2a: Shelby|Weavile, M, shiny|84\/100\n|-ability|p2a: Shelby|Pressure\n|turn|19\n|j| fork gaming\n|\n|t:|1665927793\n|move|p2a: Shelby|Knock Off|p1a: Enten\n|-damage|p1a: Enten|0 fnt\n|-enditem|p1a: Enten|Leftovers|[from] move: Knock Off|[of] p2a: Shelby\n|faint|p1a: Enten\n|\n|upkeep\n|\n|t:|1665927796\n|switch|p1a: Dragapult|Dragapult, F|100\/100\n|turn|20\n|\n|t:|1665927803\n|move|p1a: Dragapult|Draco Meteor|p2a: Shelby\n|-damage|p2a: Shelby|0 fnt\n|-unboost|p1a: Dragapult|spa|2\n|faint|p2a: Shelby\n|\n|upkeep\n|\n|t:|1665927808\n|switch|p2a: Escobar|Kartana, shiny|67\/100\n|turn|21\n|\n|t:|1665927819\n|switch|p1a: Unfezant|Unfezant, M|100\/100\n|move|p2a: Escobar|Knock Off|p1a: Unfezant\n|-damage|p1a: Unfezant|49\/100\n|-enditem|p1a: Unfezant|Scope Lens|[from] move: Knock Off|[of] p2a: Escobar\n|\n|upkeep\n|turn|22\n|\n|t:|1665927823\n|switch|p2a: Lucifer|Garchomp, M, shiny|100\/100\n|move|p1a: Unfezant|Agility|p1a: Unfezant\n|-boost|p1a: Unfezant|spe|2\n|\n|upkeep\n|turn|23\n|\n|t:|1665927826\n|move|p1a: Unfezant|Roost|p1a: Unfezant\n|-heal|p1a: Unfezant|99\/100\n|-singleturn|p1a: Unfezant|move: Roost\n|move|p2a: Lucifer|Swords Dance|p2a: Lucifer\n|-boost|p2a: Lucifer|atk|2\n|\n|upkeep\n|turn|24\n|\n|t:|1665927835\n|move|p1a: Unfezant|Brave Bird|p2a: Lucifer\n|-damage|p2a: Lucifer|35\/100\n|-damage|p1a: Unfezant|87\/100|[from] ability: Rough Skin|[of] p2a: Lucifer\n|-damage|p1a: Unfezant|61\/100|[from] Recoil\n|move|p2a: Lucifer|Swords Dance|p2a: Lucifer\n|-boost|p2a: Lucifer|atk|2\n|\n|upkeep\n|turn|25\n|\n|t:|1665927843\n|move|p1a: Unfezant|Brave Bird|p2a: Lucifer\n|-damage|p2a: Lucifer|0 fnt\n|-damage|p1a: Unfezant|49\/100|[from] ability: Rough Skin|[of] p2a: Lucifer\n|faint|p2a: Lucifer\n|-damage|p1a: Unfezant|35\/100|[from] Recoil\n|\n|upkeep\n|\n|t:|1665927847\n|switch|p2a: Escobar|Kartana, shiny|67\/100\n|turn|26\n|c|\u2606Iznamakin|gg\n|j| dpalacinr01\n|c|\u2606RggV|gg bro\n|c|\u2606Iznamakin|that unfezant putting in the work XD\n|\n|t:|1665927875\n|move|p1a: Unfezant|Brave Bird|p2a: Escobar\n|-damage|p2a: Escobar|0 fnt\n|faint|p2a: Escobar\n|-damage|p1a: Unfezant|17\/100|[from] Recoil\n|\n|win|RggV\n|raw|RggV's rating: 1703 &rarr; <strong>1725<\/strong><br \/>(+22 for winning)\n|raw|Iznamakin's rating: 1732 &rarr; <strong>1710<\/strong><br \/>(-22 for losing)\n|c|\u2606RggV|lmao it did\n|l| fork gaming\n|l| FerZs\n|l| dpalacinr01\n|l| games2006\n|c|\u2606RggV|crit would've ohkoed chomp too\n|c|\u2606Iznamakin|it hits hard\n|c|\u2606Iznamakin|damn\n|c|\u2606RggV|ye\n|c|\u2606RggV|well gg\n|c|\u2606Iznamakin|gg\n|l| A Nub UwU\n|l|\u2606RggV\n|l| Kyurem\n||Ladder isn't responding, score probably updated but might not have (Request timeout).\n|l|\u2606Iznamakin\n|l| Youressi\n|l| GalarianN00b3\n|l| avatar wan's bae\n|j|\u2606RggV\n|player|p1|RggV|1\n","uploadtime":1665928365,"views":29,"p1id":"rggv","p2id":"iznamakin","formatid":"gen8ou","rating":1710,"private":0,"password":null}