{"id":"gen8ou-1181218554","p1":"isheavydead","p2":"Lt74pf sheikk","format":"gen8ou","log":"|raw|<div class=\"broadcast-blue\"><strong>This battle is required to be public due to a player having a name starting with 'LT74PF'.<\/div>\n|j|\u2606isheavydead\n|j|\u2606Lt74pf sheikk\n|t:|1599240716\n|player|p1|isheavydead|2|1792\n|player|p2|Lt74pf sheikk|hilbert-dueldisk|1724\n|teamsize|p1|6\n|teamsize|p2|6\n|gametype|singles\n|gen|8\n|tier|[Gen 8] OU\n|rated|\n|clearpoke\n|poke|p1|Haxorus, M|\n|poke|p1|Volcarona, M|\n|poke|p1|Ninetales-Alola, M|\n|poke|p1|Excadrill, M|\n|poke|p1|Urshifu-*, M|\n|poke|p1|Azumarill, F|\n|poke|p2|Necrozma|\n|poke|p2|Kyurem|\n|poke|p2|Hydreigon, F|\n|poke|p2|Hatterene, F|\n|poke|p2|Urshifu-*, F|\n|poke|p2|Volcarona, F|\n|rule|Sleep Clause Mod: Limit one foe put to sleep\n|rule|Species Clause: Limit one of each Pok\u00e9mon\n|rule|OHKO Clause: OHKO moves are banned\n|rule|Evasion Moves Clause: Evasion moves are banned\n|rule|Endless Battle Clause: Forcing endless battles is banned\n|rule|HP Percentage Mod: HP is shown in percentages\n|rule|Dynamax Clause: You cannot dynamax\n|teampreview\n|inactive|Battle timer is ON: inactive players will automatically lose when time's up. (requested by Lt74pf sheikk)\n|\n|t:|1599240731\n|start\n|switch|p1a: Excadrill|Excadrill, M, shiny|100\/100\n|switch|p2a: Necrozma|Necrozma, shiny|100\/100\n|-ability|p1a: Excadrill|Mold Breaker\n|turn|1\n|\n|t:|1599240733\n|move|p1a: Excadrill|Stealth Rock|p2a: Necrozma\n|-sidestart|p2: Lt74pf sheikk|move: Stealth Rock\n|move|p2a: Necrozma|Heat Wave|p1a: Excadrill\n|-supereffective|p1a: Excadrill\n|-damage|p1a: Excadrill|16\/100\n|-status|p1a: Excadrill|brn\n|\n|-damage|p1a: Excadrill|10\/100 brn|[from] brn\n|upkeep\n|turn|2\n|j| HeavenStar\n|\n|t:|1599240740\n|move|p1a: Excadrill|Rapid Spin|p2a: Necrozma\n|-damage|p2a: Necrozma|92\/100\n|-boost|p1a: Excadrill|spe|1\n|move|p2a: Necrozma|Calm Mind|p2a: Necrozma\n|-boost|p2a: Necrozma|spa|1\n|-boost|p2a: Necrozma|spd|1\n|\n|-damage|p1a: Excadrill|4\/100 brn|[from] brn\n|upkeep\n|turn|3\n|\n|t:|1599240742\n|move|p1a: Excadrill|Earthquake|p2a: Necrozma\n|-damage|p2a: Necrozma|66\/100\n|move|p2a: Necrozma|Calm Mind|p2a: Necrozma\n|-boost|p2a: Necrozma|spa|1\n|-boost|p2a: Necrozma|spd|1\n|\n|-damage|p1a: Excadrill|0 fnt|[from] brn\n|faint|p1a: Excadrill\n|upkeep\n|\n|t:|1599240745\n|switch|p1a: Urshifu|Urshifu, M|100\/100\n|turn|4\n|\n|t:|1599240753\n|move|p1a: Urshifu|Wicked Blow|p2a: Necrozma\n|-supereffective|p2a: Necrozma\n|-crit|p2a: Necrozma\n|-damage|p2a: Necrozma|0 fnt\n|faint|p2a: Necrozma\n|\n|upkeep\n|\n|t:|1599240758\n|switch|p2a: Urshifu|Urshifu, F|100\/100\n|-damage|p2a: Urshifu|94\/100|[from] Stealth Rock\n|turn|5\n|\n|t:|1599240767\n|switch|p1a: Ninetales|Ninetales-Alola, M, shiny|100\/100\n|-weather|Hail|[from] ability: Snow Warning|[of] p1a: Ninetales\n|move|p2a: Urshifu|Poison Jab|p1a: Ninetales\n|-supereffective|p1a: Ninetales\n|-damage|p1a: Ninetales|0 fnt\n|faint|p1a: Ninetales\n|\n|-weather|Hail|[upkeep]\n|-damage|p2a: Urshifu|88\/100|[from] Hail\n|upkeep\n|\n|t:|1599240776\n|switch|p1a: Haxorus|Haxorus, M, shiny|100\/100\n|-ability|p1a: Haxorus|Mold Breaker\n|turn|6\n|\n|t:|1599240785\n|move|p2a: Urshifu|Poison Jab|p1a: Haxorus\n|-damage|p1a: Haxorus|44\/100\n|move|p1a: Haxorus|Close Combat|p2a: Urshifu\n|-supereffective|p2a: Urshifu\n|-damage|p2a: Urshifu|0 fnt\n|-unboost|p1a: Haxorus|def|1\n|-unboost|p1a: Haxorus|spd|1\n|faint|p2a: Urshifu\n|\n|-weather|Hail|[upkeep]\n|-damage|p1a: Haxorus|38\/100|[from] Hail\n|upkeep\n|\n|t:|1599240792\n|switch|p2a: Hydreigon|Hydreigon, F|100\/100\n|-damage|p2a: Hydreigon|88\/100|[from] Stealth Rock\n|turn|7\n|\n|t:|1599240796\n|move|p2a: Hydreigon|Flash Cannon|p1a: Haxorus\n|-damage|p1a: Haxorus|0 fnt\n|-damage|p2a: Hydreigon|78\/100|[from] item: Life Orb\n|faint|p1a: Haxorus\n|\n|-weather|Hail|[upkeep]\n|-damage|p2a: Hydreigon|72\/100|[from] Hail\n|upkeep\n|\n|t:|1599240803\n|switch|p1a: Volcarona|Volcarona, M|100\/100\n|turn|8\n|\n|t:|1599240805\n|move|p1a: Volcarona|Bug Buzz|p2a: Hydreigon\n|-supereffective|p2a: Hydreigon\n|-damage|p2a: Hydreigon|0 fnt\n|faint|p2a: Hydreigon\n|\n|-weather|Hail|[upkeep]\n|-damage|p1a: Volcarona|94\/100|[from] Hail\n|upkeep\n|\n|t:|1599240809\n|switch|p2a: Volcarona|Volcarona, F|100\/100\n|turn|9\n|j| Xenqt\n|\n|t:|1599240818\n|switch|p1a: Azumarill|Azumarill, F|100\/100\n|move|p2a: Volcarona|Quiver Dance|p2a: Volcarona\n|-boost|p2a: Volcarona|spa|1\n|-boost|p2a: Volcarona|spd|1\n|-boost|p2a: Volcarona|spe|1\n|\n|-weather|none\n|upkeep\n|turn|10\n|\n|t:|1599240824\n|switch|p2a: Kyurem|Kyurem|100\/100\n|-damage|p2a: Kyurem|76\/100|[from] Stealth Rock\n|-ability|p2a: Kyurem|Pressure\n|move|p1a: Azumarill|Knock Off|p2a: Kyurem\n|-damage|p2a: Kyurem|38\/100\n|-enditem|p2a: Kyurem|Choice Specs|[from] move: Knock Off|[of] p1a: Azumarill\n|\n|upkeep\n|turn|11\n|\n|t:|1599240829\n|switch|p1a: Volcarona|Volcarona, M|94\/100\n|move|p2a: Kyurem|Freeze-Dry|p1a: Volcarona\n|-resisted|p1a: Volcarona\n|-damage|p1a: Volcarona|74\/100\n|\n|upkeep\n|turn|12\n|\n|t:|1599240831\n|move|p1a: Volcarona|Quiver Dance|p1a: Volcarona\n|-boost|p1a: Volcarona|spa|1\n|-boost|p1a: Volcarona|spd|1\n|-boost|p1a: Volcarona|spe|1\n|move|p2a: Kyurem|Draco Meteor|p1a: Volcarona\n|-damage|p1a: Volcarona|22\/100\n|-unboost|p2a: Kyurem|spa|2\n|\n|upkeep\n|turn|13\n|j| Windows 98 SE\n|\n|t:|1599240834\n|move|p1a: Volcarona|Fiery Dance|p2a: Kyurem\n|-damage|p2a: Kyurem|0 fnt\n|faint|p2a: Kyurem\n|\n|upkeep\n|\n|t:|1599240837\n|switch|p2a: Volcarona|Volcarona, F|100\/100\n|turn|14\n|\n|t:|1599240847\n|move|p1a: Volcarona|Fiery Dance|p2a: Volcarona\n|-damage|p2a: Volcarona|50\/100\n|-boost|p1a: Volcarona|spa|1\n|move|p2a: Volcarona|Quiver Dance|p2a: Volcarona\n|-boost|p2a: Volcarona|spa|1\n|-boost|p2a: Volcarona|spd|1\n|-boost|p2a: Volcarona|spe|1\n|\n|upkeep\n|turn|15\n|\n|t:|1599240850\n|move|p2a: Volcarona|Roost|p2a: Volcarona\n|-heal|p2a: Volcarona|99\/100\n|-singleturn|p2a: Volcarona|move: Roost\n|move|p1a: Volcarona|Fiery Dance|p2a: Volcarona\n|-damage|p2a: Volcarona|57\/100\n|\n|upkeep\n|turn|16\n|\n|t:|1599240854\n|move|p2a: Volcarona|Roost|p2a: Volcarona\n|-heal|p2a: Volcarona|100\/100\n|-singleturn|p2a: Volcarona|move: Roost\n|move|p1a: Volcarona|Fiery Dance|p2a: Volcarona\n|-damage|p2a: Volcarona|54\/100\n|-boost|p1a: Volcarona|spa|1\n|\n|upkeep\n|turn|17\n|\n|t:|1599240856\n|move|p1a: Volcarona|Fiery Dance|p2a: Volcarona\n|-damage|p2a: Volcarona|2\/100\n|-boost|p1a: Volcarona|spa|1\n|move|p2a: Volcarona|Flamethrower|p1a: Volcarona\n|-damage|p1a: Volcarona|0 fnt\n|faint|p1a: Volcarona\n|\n|upkeep\n|j| yiyue\n|\n|t:|1599240859\n|switch|p1a: Azumarill|Azumarill, F|100\/100\n|turn|18\n|\n|t:|1599240861\n|move|p1a: Azumarill|Aqua Jet|p2a: Volcarona\n|-supereffective|p2a: Volcarona\n|-damage|p2a: Volcarona|0 fnt\n|-status|p1a: Azumarill|brn|[from] ability: Flame Body|[of] p2a: Volcarona\n|faint|p2a: Volcarona\n|\n|-damage|p1a: Azumarill|94\/100 brn|[from] brn\n|upkeep\n|\n|t:|1599240862\n|switch|p2a: Hatterene|Hatterene, F, shiny|100\/100\n|-damage|p2a: Hatterene|88\/100|[from] Stealth Rock\n|turn|19\n|\n|t:|1599240864\n|move|p1a: Azumarill|Belly Drum|p1a: Azumarill\n|-damage|p1a: Azumarill|44\/100 brn\n|-setboost|p1a: Azumarill|atk|6|[from] move: Belly Drum\n|-enditem|p1a: Azumarill|Sitrus Berry|[eat]\n|-heal|p1a: Azumarill|69\/100 brn|[from] item: Sitrus Berry\n|move|p2a: Hatterene|Calm Mind|p2a: Hatterene\n|-boost|p2a: Hatterene|spa|1\n|-boost|p2a: Hatterene|spd|1\n|\n|-heal|p2a: Hatterene|94\/100|[from] item: Leftovers\n|-damage|p1a: Azumarill|63\/100 brn|[from] brn\n|upkeep\n|turn|20\n|l| yiyue\n|l| HeavenStar\n|\n|t:|1599240869\n|move|p1a: Azumarill|Play Rough|p2a: Hatterene\n|-damage|p2a: Hatterene|9\/100\n|move|p2a: Hatterene|Psychic|p1a: Azumarill\n|-damage|p1a: Azumarill|0 fnt\n|faint|p1a: Azumarill\n|\n|-heal|p2a: Hatterene|15\/100|[from] item: Leftovers\n|upkeep\n|\n|t:|1599240872\n|switch|p1a: Urshifu|Urshifu, M|100\/100\n|turn|21\n|c|\u2606isheavydead|gg\n|\n|t:|1599240880\n|move|p1a: Urshifu|Wicked Blow|p2a: Hatterene\n|-crit|p2a: Hatterene\n|-damage|p2a: Hatterene|0 fnt\n|faint|p2a: Hatterene\n|\n|win|isheavydead\n|l|\u2606Lt74pf sheikk\n|l| Xenqt\n||Ladder (probably) updated, but score could not be retrieved (Request timeout).\n","uploadtime":1599240861,"views":75,"p1id":"isheavydead","p2id":"lt74pfsheikk","formatid":"gen8ou","rating":0,"private":0,"password":null}