{"id":"gen8ou-1657836337","p1":"Miguel Salzar","p2":"Delibird Heart","format":"gen8ou","log":"|j|\u2606Miguel Salzar\n|j|\u2606Delibird Heart\n|t:|1662499866\n|gametype|singles\n|player|p1|Miguel Salzar|swimmer-gen4dp|1456\n|player|p2|Delibird Heart|guitarist-gen4|1510\n|teamsize|p1|6\n|teamsize|p2|6\n|gen|8\n|tier|[Gen 8] OU\n|rated|\n|rule|Sleep Clause Mod: Limit one foe put to sleep\n|rule|Species Clause: Limit one of each Pok\u00e9mon\n|rule|OHKO Clause: OHKO moves are banned\n|rule|Evasion Items Clause: Evasion items are banned\n|rule|Evasion Moves Clause: Evasion moves are banned\n|rule|Endless Battle Clause: Forcing endless battles is banned\n|rule|HP Percentage Mod: HP is shown in percentages\n|rule|Dynamax Clause: You cannot dynamax\n|clearpoke\n|poke|p1|Alakazam, M|\n|poke|p1|Melmetal|\n|poke|p1|Zapdos|\n|poke|p1|Rillaboom, M|\n|poke|p1|Heatran, M|\n|poke|p1|Landorus-Therian, M|\n|poke|p2|Delibird, M|\n|poke|p2|Tapu Koko|\n|poke|p2|Kartana|\n|poke|p2|Volcarona, M|\n|poke|p2|Landorus-Therian, M|\n|poke|p2|Kommo-o, F|\n|teampreview\n|inactive|Battle timer is ON: inactive players will automatically lose when time's up. (requested by Delibird Heart)\n|inactive|Miguel Salzar also wants the timer to be on.\n|\n|t:|1662499884\n|start\n|switch|p1a: Winston|Rillaboom, M|100\/100\n|switch|p2a: Santa|Delibird, M|100\/100\n|-fieldstart|move: Grassy Terrain|[from] ability: Grassy Surge|[of] p1a: Winston\n|turn|1\n|inactive|Delibird Heart has 120 seconds left.\n|\n|t:|1662499918\n|move|p2a: Santa|Icy Wind|p1a: Winston\n|-supereffective|p1a: Winston\n|-damage|p1a: Winston|52\/100\n|-unboost|p1a: Winston|spe|1\n|move|p1a: Winston|U-turn|p2a: Santa\n|-resisted|p2a: Santa\n|-damage|p2a: Santa|52\/100\n|\n|t:|1662499924\n|switch|p1a: WingedDragon of Ra|Zapdos|100\/100|[from]move: U-turn\n|\n|upkeep\n|turn|2\n|\n|t:|1662499935\n|move|p2a: Santa|Destiny Bond|p2a: Santa\n|-singlemove|p2a: Santa|Destiny Bond\n|move|p1a: WingedDragon of Ra|Hurricane|p2a: Santa\n|-damage|p2a: Santa|0 fnt\n|faint|p2a: Santa\n|-activate|p2a: Santa|move: Destiny Bond\n|faint|p1a: WingedDragon of Ra\n|\n|upkeep\n|\n|t:|1662499946\n|switch|p2a: Tapu Koko|Tapu Koko|100\/100\n|switch|p1a: Shukaku|Landorus-Therian, M|100\/100\n|-fieldstart|move: Electric Terrain|[from] ability: Electric Surge|[of] p2a: Tapu Koko\n|-ability|p1a: Shukaku|Intimidate|boost\n|-unboost|p2a: Tapu Koko|atk|1\n|turn|3\n|\n|t:|1662499949\n|move|p2a: Tapu Koko|Reflect|p2a: Tapu Koko\n|-sidestart|p2: Delibird Heart|Reflect\n|move|p1a: Shukaku|Earthquake|p2a: Tapu Koko\n|-supereffective|p2a: Tapu Koko\n|-damage|p2a: Tapu Koko|42\/100\n|\n|upkeep\n|turn|4\n|\n|t:|1662499954\n|move|p2a: Tapu Koko|Taunt|p1a: Shukaku\n|-start|p1a: Shukaku|move: Taunt\n|cant|p1a: Shukaku|move: Taunt|Toxic\n|\n|upkeep\n|turn|5\n|\n|t:|1662499958\n|move|p2a: Tapu Koko|Light Screen|p2a: Tapu Koko\n|-sidestart|p2: Delibird Heart|move: Light Screen\n|move|p1a: Shukaku|U-turn|p2a: Tapu Koko\n|-resisted|p2a: Tapu Koko\n|-damage|p2a: Tapu Koko|36\/100\n|\n|t:|1662499964\n|switch|p1a: Zuko|Heatran, M, shiny|100\/100|[from]move: U-turn\n|\n|upkeep\n|turn|6\n|\n|t:|1662499967\n|move|p2a: Tapu Koko|Taunt|p1a: Zuko\n|-start|p1a: Zuko|move: Taunt\n|move|p1a: Zuko|Magma Storm|p2a: Tapu Koko|[miss]\n|-miss|p1a: Zuko|p2a: Tapu Koko\n|\n|upkeep\n|turn|7\n|\n|t:|1662499972\n|move|p2a: Tapu Koko|U-turn|p1a: Zuko\n|-resisted|p1a: Zuko\n|-damage|p1a: Zuko|98\/100\n|\n|t:|1662499973\n|switch|p2a: Kommo-o|Kommo-o, F|100\/100|[from]move: U-turn\n|move|p1a: Zuko|Magma Storm|p2a: Kommo-o\n|-resisted|p2a: Kommo-o\n|-damage|p2a: Kommo-o|88\/100\n|-activate|p2a: Kommo-o|move: Magma Storm|[of] p1a: Zuko\n|\n|-heal|p1a: Zuko|100\/100|[from] item: Leftovers\n|-damage|p2a: Kommo-o|75\/100|[from] move: Magma Storm|[partiallytrapped]\n|-fieldend|move: Electric Terrain\n|upkeep\n|turn|8\n|\n|t:|1662499980\n|switch|p1a: Keiji Mogami|Alakazam, M|100\/100\n|move|p2a: Kommo-o|Clangorous Soul|p2a: Kommo-o\n|-boost|p2a: Kommo-o|atk|1\n|-boost|p2a: Kommo-o|def|1\n|-boost|p2a: Kommo-o|spa|1\n|-boost|p2a: Kommo-o|spd|1\n|-boost|p2a: Kommo-o|spe|1\n|-damage|p2a: Kommo-o|42\/100\n|-enditem|p2a: Kommo-o|Throat Spray\n|-boost|p2a: Kommo-o|spa|1|[from] item: Throat Spray\n|\n|-end|p2a: Kommo-o|Magma Storm|[partiallytrapped]|[silent]\n|upkeep\n|turn|9\n|\n|t:|1662499983\n|move|p2a: Kommo-o|Clanging Scales|p1a: Keiji Mogami\n|-enditem|p1a: Keiji Mogami|Focus Sash\n|-damage|p1a: Keiji Mogami|1\/100\n|-unboost|p2a: Kommo-o|def|1\n|move|p1a: Keiji Mogami|Psychic|p2a: Kommo-o\n|-supereffective|p2a: Kommo-o\n|-damage|p2a: Kommo-o|0 fnt\n|faint|p2a: Kommo-o\n|\n|upkeep\n|inactive|Delibird Heart has 120 seconds left.\n|\n|t:|1662500032\n|switch|p2a: Tapu Koko|Tapu Koko|36\/100\n|-fieldstart|move: Electric Terrain|[from] ability: Electric Surge|[of] p2a: Tapu Koko\n|turn|10\n|\n|t:|1662500054\n|move|p2a: Tapu Koko|U-turn|p1a: Keiji Mogami\n|-supereffective|p1a: Keiji Mogami\n|-damage|p1a: Keiji Mogami|0 fnt\n|faint|p1a: Keiji Mogami\n|inactive|Delibird Heart has 90 seconds left.\n|\n|t:|1662500076\n|switch|p2a: Kartana|Kartana|100\/100|[from]move: U-turn\n|\n|-sideend|p2: Delibird Heart|Reflect\n|upkeep\n|\n|t:|1662500081\n|switch|p1a: Zuko|Heatran, M, shiny|100\/100\n|turn|11\n|\n|t:|1662500102\n|switch|p1a: Shukaku|Landorus-Therian, M|100\/100\n|-ability|p1a: Shukaku|Intimidate|boost\n|-unboost|p2a: Kartana|atk|1\n|move|p2a: Kartana|Knock Off|p1a: Shukaku\n|-damage|p1a: Shukaku|64\/100\n|-enditem|p1a: Shukaku|Leftovers|[from] move: Knock Off|[of] p2a: Kartana\n|-damage|p2a: Kartana|91\/100|[from] item: Life Orb\n|\n|upkeep\n|turn|12\n|\n|t:|1662500108\n|switch|p2a: Landorus|Landorus-Therian, M|100\/100\n|-ability|p2a: Landorus|Intimidate|boost\n|-unboost|p1a: Shukaku|atk|1\n|move|p1a: Shukaku|Earthquake|p2a: Landorus\n|-immune|p2a: Landorus\n|\n|-sideend|p2: Delibird Heart|move: Light Screen\n|upkeep\n|turn|13\n|\n|t:|1662500111\n|move|p2a: Landorus|Rock Polish|p2a: Landorus\n|-boost|p2a: Landorus|spe|2\n|move|p1a: Shukaku|U-turn|p2a: Landorus\n|-resisted|p2a: Landorus\n|-damage|p2a: Landorus|91\/100\n|inactive|Miguel Salzar has 120 seconds left.\n|\n|t:|1662500147\n|switch|p1a: Winston|Rillaboom, M|52\/100|[from]move: U-turn\n|-fieldstart|move: Grassy Terrain|[from] ability: Grassy Surge|[of] p1a: Winston\n|\n|-heal|p1a: Winston|59\/100|[from] Grassy Terrain\n|upkeep\n|turn|14\n|\n|t:|1662500154\n|switch|p2a: Kartana|Kartana|91\/100\n|move|p1a: Winston|Knock Off|p2a: Kartana\n|-damage|p2a: Kartana|38\/100\n|-enditem|p2a: Kartana|Life Orb|[from] move: Knock Off|[of] p1a: Winston\n|\n|-heal|p2a: Kartana|44\/100|[from] Grassy Terrain\n|-heal|p1a: Winston|65\/100|[from] Grassy Terrain\n|upkeep\n|turn|15\n|inactive|Miguel Salzar has 120 seconds left.\n|inactive|Delibird Heart has 120 seconds left.\n|\n|t:|1662500189\n|move|p2a: Kartana|Leaf Blade|p1a: Winston\n|-resisted|p1a: Winston\n|-damage|p1a: Winston|19\/100\n|move|p1a: Winston|Knock Off|p2a: Kartana\n|-damage|p2a: Kartana|7\/100\n|\n|-heal|p2a: Kartana|13\/100|[from] Grassy Terrain\n|-heal|p1a: Winston|25\/100|[from] Grassy Terrain\n|upkeep\n|turn|16\n|\n|t:|1662500197\n|move|p2a: Kartana|Knock Off|p1a: Winston\n|-damage|p1a: Winston|0 fnt\n|-enditem|p1a: Winston|Choice Band|[from] move: Knock Off|[of] p2a: Kartana\n|faint|p1a: Winston\n|-ability|p2a: Kartana|Beast Boost|boost\n|-boost|p2a: Kartana|atk|1\n|\n|-heal|p2a: Kartana|19\/100|[from] Grassy Terrain\n|upkeep\n|\n|t:|1662500208\n|switch|p1a: Franky|Melmetal|100\/100\n|turn|17\n|\n|t:|1662500211\n|move|p2a: Kartana|Knock Off|p1a: Franky\n|-damage|p1a: Franky|65\/100\n|-enditem|p1a: Franky|Assault Vest|[from] move: Knock Off|[of] p2a: Kartana\n|move|p1a: Franky|Ice Punch|p2a: Kartana\n|-damage|p2a: Kartana|0 fnt\n|faint|p2a: Kartana\n|\n|-heal|p1a: Franky|71\/100|[from] Grassy Terrain\n|-fieldend|move: Grassy Terrain\n|upkeep\n|\n|t:|1662500216\n|switch|p2a: Tapu Koko|Tapu Koko|36\/100\n|-fieldstart|move: Electric Terrain|[from] ability: Electric Surge|[of] p2a: Tapu Koko\n|turn|18\n|\n|t:|1662500227\n|switch|p1a: Shukaku|Landorus-Therian, M|64\/100\n|-ability|p1a: Shukaku|Intimidate|boost\n|-unboost|p2a: Tapu Koko|atk|1\n|move|p2a: Tapu Koko|Reflect|p2a: Tapu Koko\n|-sidestart|p2: Delibird Heart|Reflect\n|\n|upkeep\n|turn|19\n|\n|t:|1662500238\n|move|p2a: Tapu Koko|Taunt|p1a: Shukaku\n|-start|p1a: Shukaku|move: Taunt\n|cant|p1a: Shukaku|move: Taunt|Toxic\n|\n|upkeep\n|turn|20\n|\n|t:|1662500246\n|move|p2a: Tapu Koko|Light Screen|p2a: Tapu Koko\n|-sidestart|p2: Delibird Heart|move: Light Screen\n|move|p1a: Shukaku|Knock Off|p2a: Tapu Koko\n|-resisted|p2a: Tapu Koko\n|-damage|p2a: Tapu Koko|27\/100\n|-enditem|p2a: Tapu Koko|Light Clay|[from] move: Knock Off|[of] p1a: Shukaku\n|\n|upkeep\n|turn|21\n|\n|t:|1662500250\n|move|p2a: Tapu Koko|U-turn|p1a: Shukaku\n|-resisted|p1a: Shukaku\n|-damage|p1a: Shukaku|58\/100\n|\n|t:|1662500251\n|switch|p2a: Landorus|Landorus-Therian, M|91\/100|[from]move: U-turn\n|-ability|p2a: Landorus|Intimidate|boost\n|-unboost|p1a: Shukaku|atk|1\n|move|p1a: Shukaku|U-turn|p2a: Landorus\n|-resisted|p2a: Landorus\n|-damage|p2a: Landorus|87\/100\n|\n|t:|1662500255\n|switch|p1a: Franky|Melmetal|71\/100|[from]move: U-turn\n|\n|upkeep\n|turn|22\n|\n|t:|1662500262\n|move|p2a: Landorus|Swords Dance|p2a: Landorus\n|-boost|p2a: Landorus|atk|2\n|move|p1a: Franky|Ice Punch|p2a: Landorus\n|-supereffective|p2a: Landorus\n|-damage|p2a: Landorus|4\/100\n|\n|-fieldend|move: Electric Terrain\n|upkeep\n|turn|23\n|\n|t:|1662500270\n|switch|p1a: Shukaku|Landorus-Therian, M|58\/100\n|-ability|p1a: Shukaku|Intimidate|boost\n|-unboost|p2a: Landorus|atk|1\n|move|p2a: Landorus|Earthquake|p1a: Shukaku\n|-immune|p1a: Shukaku\n|\n|upkeep\n|turn|24\n|\n|t:|1662500273\n|move|p2a: Landorus|Stone Edge|p1a: Shukaku\n|-damage|p1a: Shukaku|0 fnt\n|faint|p1a: Shukaku\n|-damage|p2a: Landorus|0 fnt|[from] item: Life Orb\n|faint|p2a: Landorus\n|\n|upkeep\n|\n|t:|1662500287\n|switch|p2a: Volcarona|Volcarona, M|100\/100\n|switch|p1a: Zuko|Heatran, M, shiny|100\/100\n|turn|25\n|\n|t:|1662500293\n|move|p2a: Volcarona|Quiver Dance|p2a: Volcarona\n|-boost|p2a: Volcarona|spa|1\n|-boost|p2a: Volcarona|spd|1\n|-boost|p2a: Volcarona|spe|1\n|move|p1a: Zuko|Taunt|p2a: Volcarona\n|-start|p2a: Volcarona|move: Taunt\n|\n|-sideend|p2: Delibird Heart|Reflect\n|upkeep\n|turn|26\n|\n|t:|1662500296\n|move|p2a: Volcarona|Psychic|p1a: Zuko\n|-resisted|p1a: Zuko\n|-damage|p1a: Zuko|78\/100\n|-damage|p2a: Volcarona|91\/100|[from] item: Life Orb\n|move|p1a: Zuko|Magma Storm|p2a: Volcarona|[miss]\n|-miss|p1a: Zuko|p2a: Volcarona\n|\n|-heal|p1a: Zuko|84\/100|[from] item: Leftovers\n|upkeep\n|turn|27\n|\n|t:|1662500299\n|move|p2a: Volcarona|Psychic|p1a: Zuko\n|-resisted|p1a: Zuko\n|-damage|p1a: Zuko|60\/100\n|-unboost|p1a: Zuko|spd|1\n|-damage|p2a: Volcarona|81\/100|[from] item: Life Orb\n|move|p1a: Zuko|Magma Storm|p2a: Volcarona\n|-damage|p2a: Volcarona|65\/100\n|-activate|p2a: Volcarona|move: Magma Storm|[of] p1a: Zuko\n|\n|-heal|p1a: Zuko|66\/100|[from] item: Leftovers\n|-damage|p2a: Volcarona|53\/100|[from] move: Magma Storm|[partiallytrapped]\n|-sideend|p2: Delibird Heart|move: Light Screen\n|upkeep\n|turn|28\n|\n|t:|1662500302\n|move|p2a: Volcarona|Psychic|p1a: Zuko\n|-resisted|p1a: Zuko\n|-damage|p1a: Zuko|32\/100\n|-damage|p2a: Volcarona|43\/100|[from] item: Life Orb\n|move|p1a: Zuko|Magma Storm|p2a: Volcarona\n|-damage|p2a: Volcarona|12\/100\n|\n|-heal|p1a: Zuko|38\/100|[from] item: Leftovers\n|-damage|p2a: Volcarona|0 fnt|[from] move: Magma Storm|[partiallytrapped]\n|faint|p2a: Volcarona\n|upkeep\n|-message|Delibird Heart forfeited.\n|\n|win|Miguel Salzar\n|raw|Miguel Salzar's rating: 1456 &rarr; <strong>1479<\/strong><br \/>(+23 for winning)\n|raw|Delibird Heart's rating: 1510 &rarr; <strong>1487<\/strong><br \/>(-23 for losing)\n|l|\u2606Delibird Heart\n","uploadtime":1662500321,"views":14,"p1id":"miguelsalzar","p2id":"delibirdheart","formatid":"gen8ou","rating":1479,"private":0,"password":null}