{"id":"gen8ou-1497828106","p1":"nancy von bunker","p2":"Sombra Diurna","format":"gen8ou","log":"|j|\u2606nancy von bunker\n|j|\u2606Sombra Diurna\n|t:|1643072420\n|gametype|singles\n|player|p1|nancy von bunker|cynthia-gen4|1564\n|player|p2|Sombra Diurna|blue|1531\n|teamsize|p1|6\n|teamsize|p2|6\n|gen|8\n|tier|[Gen 8] OU\n|rated|\n|rule|Sleep Clause Mod: Limit one foe put to sleep\n|rule|Species Clause: Limit one of each Pok\u00e9mon\n|rule|OHKO Clause: OHKO moves are banned\n|rule|Evasion Moves Clause: Evasion moves are banned\n|rule|Endless Battle Clause: Forcing endless battles is banned\n|rule|HP Percentage Mod: HP is shown in percentages\n|rule|Dynamax Clause: You cannot dynamax\n|clearpoke\n|poke|p1|Weavile, M|\n|poke|p1|Zapdos-Galar|\n|poke|p1|Ferrothorn, M|\n|poke|p1|Landorus-Therian, M|\n|poke|p1|Slowbro, F|\n|poke|p1|Dragapult, F|\n|poke|p2|Marowak-Alola, M|\n|poke|p2|Slowbro, M|\n|poke|p2|Hatterene, F|\n|poke|p2|Garchomp, M|\n|poke|p2|Ferrothorn, M|\n|poke|p2|Drampa, M|\n|teampreview\n|j| Iamnotabletojoin\n|c|\u2606nancy von bunker|hf\n|l| Iamnotabletojoin\n|inactive|Battle timer is ON: inactive players will automatically lose when time's up. (requested by Sombra Diurna)\n|\n|t:|1643072464\n|start\n|switch|p1a: Landorus|Landorus-Therian, M|100\/100\n|switch|p2a: Sonso|Slowbro, M|100\/100\n|-ability|p1a: Landorus|Intimidate|boost\n|-unboost|p2a: Sonso|atk|1\n|turn|1\n|\n|t:|1643072474\n|move|p1a: Landorus|Knock Off|p2a: Sonso\n|-supereffective|p2a: Sonso\n|-enditem|p2a: Sonso|Colbur Berry|[eat]\n|-enditem|p2a: Sonso|Colbur Berry|[weaken]\n|-damage|p2a: Sonso|81\/100\n|move|p2a: Sonso|Scald|p1a: Landorus\n|-supereffective|p1a: Landorus\n|-damage|p1a: Landorus|36\/100\n|\n|-heal|p1a: Landorus|42\/100|[from] item: Leftovers\n|upkeep\n|turn|2\n|\n|t:|1643072484\n|move|p1a: Landorus|U-turn|p2a: Sonso\n|-supereffective|p2a: Sonso\n|-damage|p2a: Sonso|56\/100\n|\n|t:|1643072488\n|switch|p1a: Ferrothorn|Ferrothorn, M|100\/100|[from]move: U-turn\n|move|p2a: Sonso|Scald|p1a: Ferrothorn\n|-resisted|p1a: Ferrothorn\n|-damage|p1a: Ferrothorn|90\/100\n|\n|-heal|p1a: Ferrothorn|97\/100|[from] item: Leftovers\n|upkeep\n|turn|3\n|\n|t:|1643072498\n|switch|p2a: Gorra|Hatterene, F, shiny|100\/100\n|move|p1a: Ferrothorn|Power Whip|p2a: Gorra|[miss]\n|-miss|p1a: Ferrothorn|p2a: Gorra\n|\n|-heal|p1a: Ferrothorn|100\/100|[from] item: Leftovers\n|upkeep\n|turn|4\n|\n|t:|1643072505\n|switch|p1a: Slowbro|Slowbro, F|100\/100\n|move|p2a: Gorra|Mystical Fire|p1a: Slowbro\n|-resisted|p1a: Slowbro\n|-damage|p1a: Slowbro|89\/100\n|-unboost|p1a: Slowbro|spa|1\n|\n|upkeep\n|turn|5\n|\n|t:|1643072519\n|move|p1a: Slowbro|Scald|p2a: Gorra\n|-damage|p2a: Gorra|87\/100\n|move|p2a: Gorra|Trick Room|p2a: Gorra\n|-fieldstart|move: Trick Room|[of] p2a: Gorra\n|\n|upkeep\n|turn|6\n|\n|t:|1643072527\n|switch|p2a: Falkor|Drampa, M|100\/100\n|move|p1a: Slowbro|Scald|p2a: Falkor\n|-resisted|p2a: Falkor\n|-damage|p2a: Falkor|91\/100\n|\n|upkeep\n|turn|7\n|\n|t:|1643072538\n|move|p2a: Falkor|Thunderbolt|p1a: Slowbro\n|-supereffective|p1a: Slowbro\n|-damage|p1a: Slowbro|0 fnt\n|faint|p1a: Slowbro\n|-damage|p2a: Falkor|82\/100|[from] item: Life Orb\n|\n|upkeep\n|\n|t:|1643072555\n|switch|p1a: Ferrothorn|Ferrothorn, M|100\/100\n|turn|8\n|\n|t:|1643072558\n|move|p1a: Ferrothorn|Spikes|p2a: Falkor\n|-sidestart|p2: Sombra Diurna|Spikes\n|move|p2a: Falkor|Focus Blast|p1a: Ferrothorn\n|-supereffective|p1a: Ferrothorn\n|-damage|p1a: Ferrothorn|9\/100\n|-unboost|p1a: Ferrothorn|spd|1\n|-damage|p2a: Falkor|72\/100|[from] item: Life Orb\n|\n|-heal|p1a: Ferrothorn|15\/100|[from] item: Leftovers\n|upkeep\n|turn|9\n|\n|t:|1643072567\n|move|p1a: Ferrothorn|Knock Off|p2a: Falkor\n|-damage|p2a: Falkor|47\/100\n|-enditem|p2a: Falkor|Life Orb|[from] move: Knock Off|[of] p1a: Ferrothorn\n|-ability|p2a: Falkor|Berserk|boost\n|-boost|p2a: Falkor|spa|1\n|move|p2a: Falkor|Hyper Voice|p1a: Ferrothorn\n|-resisted|p1a: Ferrothorn\n|-damage|p1a: Ferrothorn|0 fnt\n|faint|p1a: Ferrothorn\n|\n|-fieldend|move: Trick Room\n|upkeep\n|\n|t:|1643072576\n|switch|p1a: Zapdos|Zapdos-Galar|100\/100\n|turn|10\n|\n|t:|1643072584\n|move|p1a: Zapdos|Brave Bird|p2a: Falkor\n|-damage|p2a: Falkor|0 fnt\n|faint|p2a: Falkor\n|-damage|p1a: Zapdos|83\/100|[from] Recoil\n|\n|upkeep\n|\n|t:|1643072591\n|switch|p2a: Sonso|Slowbro, M|89\/100\n|-damage|p2a: Sonso|77\/100|[from] Spikes\n|turn|11\n|\n|t:|1643072597\n|switch|p1a: Dragapult|Dragapult, F|100\/100\n|move|p2a: Sonso|Trick Room|p2a: Sonso\n|-fieldstart|move: Trick Room|[of] p2a: Sonso\n|\n|upkeep\n|turn|12\n|\n|t:|1643072604\n|switch|p2a: Thorns|Ferrothorn, M|100\/100\n|-damage|p2a: Thorns|88\/100|[from] Spikes\n|move|p1a: Dragapult|Shadow Ball|p2a: Thorns\n|-damage|p2a: Thorns|54\/100\n|\n|upkeep\n|turn|13\n|\n|t:|1643072610\n|switch|p1a: Zapdos|Zapdos-Galar|83\/100\n|move|p2a: Thorns|Gyro Ball|p1a: Zapdos\n|-damage|p1a: Zapdos|30\/100\n|\n|upkeep\n|turn|14\n|\n|t:|1643072616\n|switch|p1a: Landorus|Landorus-Therian, M|42\/100\n|-ability|p1a: Landorus|Intimidate|boost\n|-unboost|p2a: Thorns|atk|1\n|move|p2a: Thorns|Gyro Ball|p1a: Landorus\n|-damage|p1a: Landorus|20\/100\n|\n|-heal|p1a: Landorus|26\/100|[from] item: Leftovers\n|upkeep\n|turn|15\n|\n|t:|1643072625\n|switch|p2a: Sonso|Slowbro, M|100\/100\n|-damage|p2a: Sonso|88\/100|[from] Spikes\n|move|p1a: Landorus|Stealth Rock|p2a: Sonso\n|-sidestart|p2: Sombra Diurna|move: Stealth Rock\n|\n|-heal|p1a: Landorus|32\/100|[from] item: Leftovers\n|-fieldend|move: Trick Room\n|upkeep\n|turn|16\n|\n|t:|1643072633\n|move|p1a: Landorus|U-turn|p2a: Sonso\n|-supereffective|p2a: Sonso\n|-damage|p2a: Sonso|64\/100\n|\n|t:|1643072639\n|switch|p1a: Dragapult|Dragapult, F|100\/100|[from]move: U-turn\n|move|p2a: Sonso|Trick Room|p2a: Sonso\n|-fieldstart|move: Trick Room|[of] p2a: Sonso\n|\n|upkeep\n|turn|17\n|\n|t:|1643072646\n|switch|p2a: Thorns|Ferrothorn, M|54\/100\n|-damage|p2a: Thorns|42\/100|[from] Spikes\n|-damage|p2a: Thorns|36\/100|[from] Stealth Rock\n|move|p1a: Dragapult|Shadow Ball|p2a: Thorns\n|-damage|p2a: Thorns|2\/100\n|\n|upkeep\n|turn|18\n|\n|t:|1643072670\n|switch|p1a: Zapdos|Zapdos-Galar|30\/100\n|move|p2a: Thorns|Gyro Ball|p1a: Zapdos\n|-damage|p1a: Zapdos|0 fnt\n|faint|p1a: Zapdos\n|\n|upkeep\n|\n|t:|1643072672\n|switch|p1a: Landorus|Landorus-Therian, M|32\/100\n|-ability|p1a: Landorus|Intimidate|boost\n|-unboost|p2a: Thorns|atk|1\n|turn|19\n|\n|t:|1643072699\n|switch|p2a: Sonso|Slowbro, M|97\/100\n|-damage|p2a: Sonso|85\/100|[from] Stealth Rock\n|-damage|p2a: Sonso|72\/100|[from] Spikes\n|move|p1a: Landorus|Earthquake|p2a: Sonso\n|-damage|p2a: Sonso|46\/100\n|\n|-heal|p1a: Landorus|38\/100|[from] item: Leftovers\n|upkeep\n|turn|20\n|\n|t:|1643072713\n|switch|p1a: Dragapult|Dragapult, F|100\/100\n|move|p2a: Sonso|Slack Off|p2a: Sonso\n|-heal|p2a: Sonso|96\/100\n|\n|-fieldend|move: Trick Room\n|upkeep\n|turn|21\n|\n|t:|1643072719\n|switch|p2a: Thorns|Ferrothorn, M|2\/100\n|-damage|p2a: Thorns|0 fnt|[from] Stealth Rock\n|faint|p2a: Thorns\n|move|p1a: Dragapult|Shadow Ball|p2: Thorns|[notarget]\n|-fail|p1a: Dragapult\n|\n|upkeep\n|\n|t:|1643072725\n|switch|p2a: Gorra|Hatterene, F, shiny|87\/100\n|-damage|p2a: Gorra|75\/100|[from] Stealth Rock\n|-damage|p2a: Gorra|62\/100|[from] Spikes\n|turn|22\n|\n|t:|1643072739\n|move|p1a: Dragapult|Shadow Ball|p2a: Gorra\n|-supereffective|p2a: Gorra\n|-enditem|p2a: Gorra|Kasib Berry|[eat]\n|-enditem|p2a: Gorra|Kasib Berry|[weaken]\n|-damage|p2a: Gorra|22\/100\n|-unboost|p2a: Gorra|spd|1\n|move|p2a: Gorra|Trick Room|p2a: Gorra\n|-fieldstart|move: Trick Room|[of] p2a: Gorra\n|\n|upkeep\n|turn|23\n|\n|t:|1643072761\n|switch|p1a: Landorus|Landorus-Therian, M|38\/100\n|-ability|p1a: Landorus|Intimidate|boost\n|-unboost|p2a: Gorra|atk|1\n|move|p2a: Gorra|Draining Kiss|p1a: Landorus\n|-damage|p1a: Landorus|14\/100\n|-heal|p2a: Gorra|44\/100|[from] drain|[of] p1a: Landorus\n|\n|-heal|p1a: Landorus|20\/100|[from] item: Leftovers\n|upkeep\n|turn|24\n|\n|t:|1643072776\n|move|p2a: Gorra|Draining Kiss|p1a: Landorus\n|-damage|p1a: Landorus|0 fnt\n|-heal|p2a: Gorra|62\/100|[from] drain|[of] p1a: Landorus\n|faint|p1a: Landorus\n|\n|upkeep\n|inactive|nancy von bunker has 120 seconds left.\n|\n|t:|1643072794\n|switch|p1a: Weavile|Weavile, M|100\/100\n|-ability|p1a: Weavile|Pressure\n|turn|25\n|\n|t:|1643072799\n|move|p1a: Weavile|Ice Shard|p2a: Gorra\n|-damage|p2a: Gorra|38\/100\n|move|p2a: Gorra|Draining Kiss|p1a: Weavile\n|-supereffective|p1a: Weavile\n|-damage|p1a: Weavile|36\/100\n|-heal|p2a: Gorra|81\/100|[from] drain|[of] p1a: Weavile\n|\n|upkeep\n|turn|26\n|\n|t:|1643072808\n|move|p1a: Weavile|Ice Shard|p2a: Gorra\n|-damage|p2a: Gorra|60\/100\n|move|p2a: Gorra|Draining Kiss|p1a: Weavile\n|-supereffective|p1a: Weavile\n|-damage|p1a: Weavile|0 fnt\n|-heal|p2a: Gorra|84\/100|[from] drain|[of] p1a: Weavile\n|faint|p1a: Weavile\n|\n|-fieldend|move: Trick Room\n|upkeep\n|\n|t:|1643072812\n|switch|p1a: Dragapult|Dragapult, F|100\/100\n|turn|27\n|\n|t:|1643072819\n|move|p1a: Dragapult|Shadow Ball|p2a: Gorra\n|-supereffective|p2a: Gorra\n|-damage|p2a: Gorra|0 fnt\n|faint|p2a: Gorra\n|\n|upkeep\n|\n|t:|1643072824\n|switch|p2a: Sharko|Garchomp, M|100\/100\n|-damage|p2a: Sharko|88\/100|[from] Spikes\n|-damage|p2a: Sharko|82\/100|[from] Stealth Rock\n|turn|28\n|\n|t:|1643072828\n|move|p1a: Dragapult|Shadow Ball|p2a: Sharko\n|-damage|p2a: Sharko|27\/100\n|move|p2a: Sharko|Scale Shot|p1a: Dragapult\n|-supereffective|p1a: Dragapult\n|-damage|p1a: Dragapult|63\/100\n|-supereffective|p1a: Dragapult\n|-damage|p1a: Dragapult|20\/100\n|-hitcount|p1a: Dragapult|2\n|-unboost|p2a: Sharko|def|1\n|-boost|p2a: Sharko|spe|1\n|\n|-heal|p2a: Sharko|34\/100|[from] item: Leftovers\n|upkeep\n|turn|29\n|\n|t:|1643072840\n|move|p2a: Sharko|Earthquake|p1a: Dragapult\n|-damage|p1a: Dragapult|0 fnt\n|faint|p1a: Dragapult\n|\n|win|Sombra Diurna\n|raw|nancy von bunker's rating: 1564 &rarr; <strong>1542<\/strong><br \/>(-22 for losing)\n|raw|Sombra Diurna's rating: 1531 &rarr; <strong>1553<\/strong><br \/>(+22 for winning)\n|l|\u2606nancy von bunker\n","uploadtime":1643072847,"views":64,"p1id":"nancyvonbunker","p2id":"sombradiurna","formatid":"gen8ou","rating":1542,"private":0,"password":null}