{"id":"gen8ou-1452060232","p1":"damorush","p2":"Kyerndo","format":"gen8ou","log":"|j|\u2606damorush\n|j|\u2606Kyerndo\n|t:|1636499693\n|gametype|singles\n|player|p1|damorush|alder|1560\n|player|p2|Kyerndo|psychic|1634\n|teamsize|p1|6\n|teamsize|p2|6\n|gen|8\n|tier|[Gen 8] OU\n|rated|\n|rule|Sleep Clause Mod: Limit one foe put to sleep\n|rule|Species Clause: Limit one of each Pok\u00e9mon\n|rule|OHKO Clause: OHKO moves are banned\n|rule|Evasion Moves Clause: Evasion moves are banned\n|rule|Endless Battle Clause: Forcing endless battles is banned\n|rule|HP Percentage Mod: HP is shown in percentages\n|rule|Dynamax Clause: You cannot dynamax\n|clearpoke\n|poke|p1|Dragapult, F|\n|poke|p1|Urshifu-*, M|\n|poke|p1|Weavile, F|\n|poke|p1|Shuckle, M|\n|poke|p1|Blacephalon|\n|poke|p1|Kartana|\n|poke|p2|Tapu Fini|\n|poke|p2|Toxtricity, F|\n|poke|p2|Kyurem|\n|poke|p2|Ferrothorn, F|\n|poke|p2|Excadrill, F|\n|poke|p2|Hippowdon, F|\n|teampreview\n|\n|t:|1636499716\n|start\n|switch|p1a: Kartana|Kartana|100\/100\n|switch|p2a: Excadrill|Excadrill, F|100\/100\n|turn|1\n|\n|t:|1636499733\n|switch|p2a: Ferrothorn|Ferrothorn, F|100\/100\n|move|p1a: Kartana|Swords Dance|p1a: Kartana\n|-boost|p1a: Kartana|atk|2\n|\n|upkeep\n|turn|2\n|\n|t:|1636499738\n|move|p1a: Kartana|Sacred Sword|p2a: Ferrothorn\n|-supereffective|p2a: Ferrothorn\n|-damage|p2a: Ferrothorn|0 fnt\n|-damage|p1a: Kartana|88\/100|[from] ability: Iron Barbs|[of] p2a: Ferrothorn\n|-damage|p1a: Kartana|72\/100|[from] item: Rocky Helmet|[of] p2a: Ferrothorn\n|faint|p2a: Ferrothorn\n|-ability|p1a: Kartana|Beast Boost|boost\n|-boost|p1a: Kartana|atk|1\n|-damage|p1a: Kartana|62\/100|[from] item: Life Orb\n|\n|upkeep\n|\n|t:|1636499742\n|switch|p2a: Kyurem|Kyurem|100\/100\n|-ability|p2a: Kyurem|Pressure\n|turn|3\n|\n|t:|1636499758\n|switch|p1a: Shuckle|Shuckle, M|100\/100\n|move|p2a: Kyurem|Freeze-Dry|p1a: Shuckle\n|-damage|p1a: Shuckle|78\/100\n|-enditem|p1a: Shuckle|Red Card|[of] p2a: Kyurem\n|drag|p2a: Tapu Fini|Tapu Fini|100\/100\n|-fieldstart|move: Misty Terrain|[from] ability: Misty Surge|[of] p2a: Tapu Fini\n|\n|upkeep\n|turn|4\n|\n|t:|1636499767\n|move|p2a: Tapu Fini|Surf|p1a: Shuckle\n|-supereffective|p1a: Shuckle\n|-damage|p1a: Shuckle|34\/100\n|move|p1a: Shuckle|Sticky Web|p2a: Tapu Fini\n|-sidestart|p2: Kyerndo|move: Sticky Web\n|\n|upkeep\n|turn|5\n|\n|t:|1636499772\n|move|p2a: Tapu Fini|Defog|p1a: Shuckle\n|-unboost|p1a: Shuckle|evasion|1\n|-sideend|p2: Kyerndo|Sticky Web|[from] move: Defog|[of] p2a: Tapu Fini\n|-fieldend|Misty Terrain\n|move|p1a: Shuckle|Stealth Rock|p2a: Tapu Fini\n|-sidestart|p2: Kyerndo|move: Stealth Rock\n|\n|upkeep\n|turn|6\n|\n|t:|1636499779\n|move|p2a: Tapu Fini|Surf|p1a: Shuckle\n|-supereffective|p1a: Shuckle\n|-damage|p1a: Shuckle|0 fnt\n|faint|p1a: Shuckle\n|\n|upkeep\n|\n|t:|1636499784\n|switch|p1a: Kartana|Kartana|62\/100\n|turn|7\n|\n|t:|1636499795\n|switch|p2a: Toxtricity|Toxtricity, F|100\/100\n|-damage|p2a: Toxtricity|88\/100|[from] Stealth Rock\n|move|p1a: Kartana|Leaf Blade|p2a: Toxtricity\n|-resisted|p2a: Toxtricity\n|-damage|p2a: Toxtricity|39\/100\n|-damage|p1a: Kartana|52\/100|[from] item: Life Orb\n|\n|upkeep\n|turn|8\n|\n|t:|1636499811\n|move|p1a: Kartana|Knock Off|p2a: Toxtricity\n|-damage|p2a: Toxtricity|0 fnt\n|-enditem|p2a: Toxtricity|Choice Specs|[from] move: Knock Off|[of] p1a: Kartana\n|faint|p2a: Toxtricity\n|-ability|p1a: Kartana|Beast Boost|boost\n|-boost|p1a: Kartana|atk|1\n|-damage|p1a: Kartana|43\/100|[from] item: Life Orb\n|\n|upkeep\n|\n|t:|1636499815\n|switch|p2a: Kyurem|Kyurem|100\/100\n|-damage|p2a: Kyurem|76\/100|[from] Stealth Rock\n|-ability|p2a: Kyurem|Pressure\n|turn|9\n|\n|t:|1636499822\n|switch|p1a: Weavile|Weavile, F|100\/100\n|-ability|p1a: Weavile|Pressure\n|move|p2a: Kyurem|Earth Power|p1a: Weavile\n|-damage|p1a: Weavile|58\/100\n|\n|upkeep\n|turn|10\n|\n|t:|1636499830\n|switch|p2a: Tapu Fini|Tapu Fini|100\/100\n|-damage|p2a: Tapu Fini|88\/100|[from] Stealth Rock\n|-fieldstart|move: Misty Terrain|[from] ability: Misty Surge|[of] p2a: Tapu Fini\n|move|p1a: Weavile|Knock Off|p2a: Tapu Fini\n|-resisted|p2a: Tapu Fini\n|-damage|p2a: Tapu Fini|66\/100\n|-enditem|p2a: Tapu Fini|Leftovers|[from] move: Knock Off|[of] p1a: Weavile\n|\n|upkeep\n|turn|11\n|\n|t:|1636499839\n|move|p1a: Weavile|Triple Axel|p2a: Tapu Fini\n|-resisted|p2a: Tapu Fini\n|-damage|p2a: Tapu Fini|61\/100\n|-resisted|p2a: Tapu Fini\n|-damage|p2a: Tapu Fini|53\/100\n|-resisted|p2a: Tapu Fini\n|-damage|p2a: Tapu Fini|39\/100\n|-hitcount|p2a: Tapu Fini|3\n|move|p2a: Tapu Fini|Defog|p1a: Weavile\n|-unboost|p1a: Weavile|evasion|1\n|-sideend|p2: Kyerndo|Stealth Rock|[from] move: Defog|[of] p2a: Tapu Fini\n|-fieldend|Misty Terrain\n|\n|upkeep\n|turn|12\n|\n|t:|1636499856\n|move|p1a: Weavile|Triple Axel|p2a: Tapu Fini|[miss]\n|-miss|p1a: Weavile|p2a: Tapu Fini\n|move|p2a: Tapu Fini|Moonblast|p1a: Weavile\n|-supereffective|p1a: Weavile\n|-damage|p1a: Weavile|0 fnt\n|faint|p1a: Weavile\n|\n|upkeep\n|\n|t:|1636499863\n|switch|p1a: Kartana|Kartana|43\/100\n|turn|13\n|\n|t:|1636499869\n|move|p1a: Kartana|Leaf Blade|p2a: Tapu Fini\n|-supereffective|p2a: Tapu Fini\n|-damage|p2a: Tapu Fini|0 fnt\n|faint|p2a: Tapu Fini\n|-ability|p1a: Kartana|Beast Boost|boost\n|-boost|p1a: Kartana|atk|1\n|-damage|p1a: Kartana|33\/100|[from] item: Life Orb\n|\n|upkeep\n|\n|t:|1636499871\n|switch|p2a: Kyurem|Kyurem|76\/100\n|-ability|p2a: Kyurem|Pressure\n|turn|14\n|\n|t:|1636499878\n|move|p2a: Kyurem|Freeze-Dry|p1a: Kartana\n|-damage|p1a: Kartana|0 fnt\n|faint|p1a: Kartana\n|\n|upkeep\n|\n|t:|1636499883\n|switch|p1a: Blacephalon|Blacephalon|100\/100\n|turn|15\n|\n|t:|1636499886\n|switch|p2a: Hippowdon|Hippowdon, F|100\/100\n|-weather|Sandstorm|[from] ability: Sand Stream|[of] p2a: Hippowdon\n|move|p1a: Blacephalon|Flamethrower|p2a: Hippowdon\n|-damage|p2a: Hippowdon|53\/100\n|-enditem|p2a: Hippowdon|Eject Button\n|\n|t:|1636499888\n|switch|p2a: Excadrill|Excadrill, F|100\/100\n|\n|-weather|Sandstorm|[upkeep]\n|-damage|p1a: Blacephalon|94\/100|[from] Sandstorm\n|upkeep\n|turn|16\n|\n|t:|1636499896\n|move|p2a: Excadrill|Earthquake|p1a: Blacephalon\n|-supereffective|p1a: Blacephalon\n|-damage|p1a: Blacephalon|0 fnt\n|faint|p1a: Blacephalon\n|\n|-weather|Sandstorm|[upkeep]\n|upkeep\n|\n|t:|1636499902\n|switch|p1a: Urshifu|Urshifu-Rapid-Strike, M|100\/100\n|turn|17\n|\n|t:|1636499905\n|move|p2a: Excadrill|Earthquake|p1a: Urshifu\n|-damage|p1a: Urshifu|16\/100\n|move|p1a: Urshifu|Close Combat|p2a: Excadrill\n|-supereffective|p2a: Excadrill\n|-damage|p2a: Excadrill|0 fnt\n|-unboost|p1a: Urshifu|def|1\n|-unboost|p1a: Urshifu|spd|1\n|faint|p2a: Excadrill\n|\n|-weather|Sandstorm|[upkeep]\n|-damage|p1a: Urshifu|10\/100|[from] Sandstorm\n|upkeep\n|\n|t:|1636499911\n|switch|p2a: Kyurem|Kyurem|76\/100\n|-ability|p2a: Kyurem|Pressure\n|turn|18\n|\n|t:|1636499918\n|move|p2a: Kyurem|Ice Beam|p1a: Urshifu\n|-resisted|p1a: Urshifu\n|-damage|p1a: Urshifu|0 fnt\n|faint|p1a: Urshifu\n|\n|-weather|Sandstorm|[upkeep]\n|-damage|p2a: Kyurem|70\/100|[from] Sandstorm\n|upkeep\n|-message|damorush forfeited.\n|\n|win|Kyerndo\n|raw|damorush's rating: 1560 &rarr; <strong>1544<\/strong><br \/>(-16 for losing)\n|raw|Kyerndo's rating: 1634 &rarr; <strong>1650<\/strong><br \/>(+16 for winning)\n|l|\u2606damorush\n||Ladder isn't responding, score probably updated but might not have (Request timeout).\n","uploadtime":1636499930,"views":14,"p1id":"damorush","p2id":"kyerndo","formatid":"gen8ou","rating":1544,"private":0,"password":null}