{"id":"gen8ou-1690716965","p1":"OUTD FENDINI","p2":"cump4","format":"gen8ou","log":"|html|<div class=\"broadcast-blue\"><strong>[Gen 8] OU is currently suspecting Melmetal! For information on how to participate check out the <a href=\"https:\/\/www.smogon.com\/forums\/threads\/np-ss-ou-suspect-process-round-12-monster-mash.3709234\/\">suspect thread<\/a>.<\/strong><\/div>\n|j|\u2606OUTD FENDINI\n|j|\u2606cump4\n|t:|1666297367\n|gametype|singles\n|player|p1|OUTD FENDINI|ethan-masters|1648\n|player|p2|cump4|schoolkid-gen4|1704\n|teamsize|p1|6\n|teamsize|p2|6\n|gen|8\n|tier|[Gen 8] OU\n|rated|\n|rule|Sleep Clause Mod: Limit one foe put to sleep\n|rule|Species Clause: Limit one of each Pok\u00e9mon\n|rule|OHKO Clause: OHKO moves are banned\n|rule|Evasion Items Clause: Evasion items are banned\n|rule|Evasion Moves Clause: Evasion moves are banned\n|rule|Endless Battle Clause: Forcing endless battles is banned\n|rule|HP Percentage Mod: HP is shown in percentages\n|rule|Dynamax Clause: You cannot dynamax\n|clearpoke\n|poke|p1|Rillaboom, F|\n|poke|p1|Tornadus-Therian, M|\n|poke|p1|Blaziken, F|\n|poke|p1|Melmetal|\n|poke|p1|Garchomp, M|\n|poke|p1|Slowbro, M|\n|poke|p2|Druddigon, M|\n|poke|p2|Zapdos|\n|poke|p2|Mamoswine, M|\n|poke|p2|Togekiss, F|\n|poke|p2|Hydreigon, F|\n|poke|p2|Jirachi|\n|teampreview\n|c|\u2606cump4|hf\n|inactive|Battle timer is ON: inactive players will automatically lose when time's up. (requested by OUTD FENDINI)\n|inactive|OUTD FENDINI has 120 seconds left.\n|\n|t:|1666297404\n|start\n|switch|p1a: Garchomp|Garchomp, M|100\/100\n|switch|p2a: Druddigon|Druddigon, M|100\/100\n|-ability|p2a: Druddigon|Mold Breaker\n|turn|1\n|j| mie and you\n|l| mie and you\n|inactive|cump4 has 120 seconds left.\n|\n|t:|1666297463\n|move|p1a: Garchomp|Stealth Rock|p2a: Druddigon\n|-sidestart|p2: cump4|move: Stealth Rock\n|move|p2a: Druddigon|Glare|p1a: Garchomp\n|-status|p1a: Garchomp|par\n|\n|upkeep\n|turn|2\n|\n|t:|1666297469\n|move|p2a: Druddigon|Stealth Rock|p1a: Garchomp\n|-sidestart|p1: OUTD FENDINI|move: Stealth Rock\n|move|p1a: Garchomp|Earthquake|p2a: Druddigon\n|-damage|p2a: Druddigon|53\/100\n|\n|upkeep\n|turn|3\n|\n|t:|1666297472\n|move|p2a: Druddigon|Taunt|p1a: Garchomp\n|-start|p1a: Garchomp|move: Taunt\n|move|p1a: Garchomp|Earthquake|p2a: Druddigon\n|-damage|p2a: Druddigon|9\/100\n|\n|upkeep\n|turn|4\n|\n|t:|1666297478\n|move|p2a: Druddigon|Glare|p1a: Garchomp\n|-fail|p1a: Garchomp|par\n|cant|p1a: Garchomp|par\n|\n|upkeep\n|turn|5\n|\n|t:|1666297482\n|switch|p2a: Togekiss|Togekiss, F|100\/100\n|-damage|p2a: Togekiss|76\/100|[from] Stealth Rock\n|move|p1a: Garchomp|Earthquake|p2a: Togekiss\n|-immune|p2a: Togekiss\n|\n|-heal|p2a: Togekiss|82\/100|[from] item: Leftovers\n|-end|p1a: Garchomp|move: Taunt\n|upkeep\n|turn|6\n|\n|t:|1666297487\n|switch|p1a: Melmetal|Melmetal|100\/100\n|-damage|p1a: Melmetal|94\/100|[from] Stealth Rock\n|move|p2a: Togekiss|Thunder Wave|p1a: Melmetal|[miss]\n|-miss|p2a: Togekiss|p1a: Melmetal\n|\n|-heal|p2a: Togekiss|88\/100|[from] item: Leftovers\n|-heal|p1a: Melmetal|100\/100|[from] item: Leftovers\n|upkeep\n|turn|7\n|\n|t:|1666297492\n|switch|p2a: Zapdos|Zapdos|100\/100\n|switch|p1a: Garchomp|Garchomp, M|100\/100 par\n|-damage|p1a: Garchomp|94\/100 par|[from] Stealth Rock\n|\n|-heal|p1a: Garchomp|100\/100 par|[from] item: Leftovers\n|upkeep\n|turn|8\n|\n|t:|1666297496\n|switch|p2a: Jirachi|Jirachi|100\/100\n|-damage|p2a: Jirachi|94\/100|[from] Stealth Rock\n|cant|p1a: Garchomp|par\n|\n|upkeep\n|turn|9\n|\n|t:|1666297503\n|switch|p1a: Slowbro|Slowbro, M|100\/100\n|-damage|p1a: Slowbro|88\/100|[from] Stealth Rock\n|move|p2a: Jirachi|Iron Head|p1a: Slowbro\n|-resisted|p1a: Slowbro\n|-damage|p1a: Slowbro|77\/100\n|-damage|p2a: Jirachi|78\/100|[from] item: Rocky Helmet|[of] p1a: Slowbro\n|\n|upkeep\n|turn|10\n|\n|t:|1666297507\n|switch|p2a: Togekiss|Togekiss, F|88\/100\n|-damage|p2a: Togekiss|63\/100|[from] Stealth Rock\n|move|p1a: Slowbro|Toxic|p2a: Togekiss|[miss]\n|-miss|p1a: Slowbro|p2a: Togekiss\n|\n|-heal|p2a: Togekiss|69\/100|[from] item: Leftovers\n|upkeep\n|turn|11\n|\n|t:|1666297515\n|move|p2a: Togekiss|Thunder Wave|p1a: Slowbro\n|-status|p1a: Slowbro|par\n|cant|p1a: Slowbro|par\n|\n|-heal|p2a: Togekiss|75\/100|[from] item: Leftovers\n|upkeep\n|turn|12\n|\n|t:|1666297520\n|switch|p1a: Melmetal|Melmetal|100\/100\n|-damage|p1a: Melmetal|94\/100|[from] Stealth Rock\n|move|p2a: Togekiss|Substitute|p2a: Togekiss\n|-start|p2a: Togekiss|Substitute\n|-damage|p2a: Togekiss|51\/100\n|\n|-heal|p2a: Togekiss|57\/100|[from] item: Leftovers\n|-heal|p1a: Melmetal|100\/100|[from] item: Leftovers\n|upkeep\n|turn|13\n|\n|t:|1666297526\n|switch|p2a: Zapdos|Zapdos|100\/100\n|switch|p1a: Garchomp|Garchomp, M|100\/100 par\n|-damage|p1a: Garchomp|94\/100 par|[from] Stealth Rock\n|\n|-heal|p1a: Garchomp|100\/100 par|[from] item: Leftovers\n|upkeep\n|turn|14\n|\n|t:|1666297536\n|move|p2a: Zapdos|Hurricane|p1a: Garchomp\n|-damage|p1a: Garchomp|71\/100 par\n|-start|p1a: Garchomp|confusion\n|-activate|p1a: Garchomp|confusion\n|move|p1a: Garchomp|Toxic|p2a: Zapdos\n|-status|p2a: Zapdos|tox\n|\n|-heal|p1a: Garchomp|77\/100 par|[from] item: Leftovers\n|-damage|p2a: Zapdos|94\/100 tox|[from] psn\n|upkeep\n|turn|15\n|\n|t:|1666297542\n|switch|p2a: Mamoswine|Mamoswine, M|100\/100\n|-damage|p2a: Mamoswine|88\/100|[from] Stealth Rock\n|switch|p1a: Tornadus|Tornadus-Therian, M|100\/100\n|\n|upkeep\n|turn|16\n|\n|t:|1666297545\n|move|p1a: Tornadus|U-turn|p2a: Mamoswine\n|-crit|p2a: Mamoswine\n|-damage|p2a: Mamoswine|65\/100\n|\n|t:|1666297546\n|switch|p1a: Slowbro|Slowbro, M|100\/100 par|[from]move: U-turn\n|-damage|p1a: Slowbro|88\/100 par|[from] Stealth Rock\n|move|p2a: Mamoswine|Icicle Crash|p1a: Slowbro\n|-resisted|p1a: Slowbro\n|-damage|p1a: Slowbro|70\/100 par\n|\n|upkeep\n|turn|17\n|\n|t:|1666297550\n|move|p2a: Mamoswine|Icicle Crash|p1a: Slowbro\n|-resisted|p1a: Slowbro\n|-damage|p1a: Slowbro|53\/100 par\n|cant|p1a: Slowbro|par\n|\n|upkeep\n|turn|18\n|\n|t:|1666297558\n|switch|p1a: Tornadus|Tornadus-Therian, M|100\/100\n|move|p2a: Mamoswine|Earthquake|p1a: Tornadus\n|-immune|p1a: Tornadus\n|\n|upkeep\n|turn|19\n|\n|t:|1666297560\n|move|p1a: Tornadus|U-turn|p2a: Mamoswine\n|-damage|p2a: Mamoswine|50\/100\n|\n|t:|1666297562\n|switch|p1a: Slowbro|Slowbro, M|87\/100 par|[from]move: U-turn\n|-damage|p1a: Slowbro|74\/100 par|[from] Stealth Rock\n|move|p2a: Mamoswine|Icicle Crash|p1a: Slowbro\n|-resisted|p1a: Slowbro\n|-damage|p1a: Slowbro|56\/100 par\n|\n|upkeep\n|turn|20\n|\n|t:|1666297563\n|move|p2a: Mamoswine|Icicle Crash|p1a: Slowbro\n|-resisted|p1a: Slowbro\n|-damage|p1a: Slowbro|40\/100 par\n|move|p1a: Slowbro|Scald|p2a: Mamoswine\n|-supereffective|p2a: Mamoswine\n|-damage|p2a: Mamoswine|0 fnt\n|faint|p2a: Mamoswine\n|\n|upkeep\n|\n|t:|1666297566\n|switch|p2a: Hydreigon|Hydreigon, F|100\/100\n|-damage|p2a: Hydreigon|88\/100|[from] Stealth Rock\n|turn|21\n|\n|t:|1666297573\n|switch|p1a: Tornadus|Tornadus-Therian, M|100\/100\n|move|p2a: Hydreigon|Substitute|p2a: Hydreigon\n|-start|p2a: Hydreigon|Substitute\n|-damage|p2a: Hydreigon|63\/100\n|\n|-heal|p2a: Hydreigon|69\/100|[from] item: Leftovers\n|upkeep\n|turn|22\n|\n|t:|1666297575\n|move|p1a: Tornadus|U-turn|p2a: Hydreigon\n|-supereffective|p2a: Hydreigon\n|-end|p2a: Hydreigon|Substitute\n|\n|t:|1666297577\n|switch|p1a: Blaziken|Blaziken, F|100\/100|[from]move: U-turn\n|-damage|p1a: Blaziken|88\/100|[from] Stealth Rock\n|move|p2a: Hydreigon|Nasty Plot|p2a: Hydreigon\n|-boost|p2a: Hydreigon|spa|2\n|\n|-heal|p2a: Hydreigon|76\/100|[from] item: Leftovers\n|-heal|p1a: Blaziken|94\/100|[from] item: Leftovers\n|upkeep\n|turn|23\n|\n|t:|1666297585\n|move|p2a: Hydreigon|Earth Power|p1a: Blaziken\n|-supereffective|p1a: Blaziken\n|-damage|p1a: Blaziken|0 fnt\n|faint|p1a: Blaziken\n|\n|-heal|p2a: Hydreigon|82\/100|[from] item: Leftovers\n|upkeep\n|\n|t:|1666297587\n|switch|p1a: Tornadus|Tornadus-Therian, M|100\/100\n|turn|24\n|\n|t:|1666297592\n|move|p1a: Tornadus|Knock Off|p2a: Hydreigon\n|-resisted|p2a: Hydreigon\n|-damage|p2a: Hydreigon|71\/100\n|-enditem|p2a: Hydreigon|Leftovers|[from] move: Knock Off|[of] p1a: Tornadus\n|move|p2a: Hydreigon|Substitute|p2a: Hydreigon\n|-start|p2a: Hydreigon|Substitute\n|-damage|p2a: Hydreigon|46\/100\n|\n|upkeep\n|turn|25\n|\n|t:|1666297597\n|move|p1a: Tornadus|U-turn|p2a: Hydreigon\n|-supereffective|p2a: Hydreigon\n|-end|p2a: Hydreigon|Substitute\n|\n|t:|1666297607\n|switch|p1a: Garchomp|Garchomp, M|77\/100 par|[from]move: U-turn\n|-damage|p1a: Garchomp|71\/100 par|[from] Stealth Rock\n|move|p2a: Hydreigon|Dark Pulse|p1a: Garchomp\n|-damage|p1a: Garchomp|20\/100 par\n|\n|-heal|p1a: Garchomp|26\/100 par|[from] item: Leftovers\n|upkeep\n|turn|26\n|\n|t:|1666297611\n|switch|p1a: Tornadus|Tornadus-Therian, M|100\/100\n|move|p2a: Hydreigon|Substitute|p2a: Hydreigon\n|-start|p2a: Hydreigon|Substitute\n|-damage|p2a: Hydreigon|21\/100\n|\n|upkeep\n|turn|27\n|\n|t:|1666297613\n|move|p1a: Tornadus|U-turn|p2a: Hydreigon\n|-supereffective|p2a: Hydreigon\n|-end|p2a: Hydreigon|Substitute\n|\n|t:|1666297615\n|switch|p1a: Garchomp|Garchomp, M|26\/100 par|[from]move: U-turn\n|-damage|p1a: Garchomp|20\/100 par|[from] Stealth Rock\n|move|p2a: Hydreigon|Dark Pulse|p1a: Garchomp\n|-crit|p1a: Garchomp\n|-damage|p1a: Garchomp|0 fnt\n|faint|p1a: Garchomp\n|\n|upkeep\n|\n|t:|1666297616\n|switch|p1a: Tornadus|Tornadus-Therian, M|100\/100\n|turn|28\n|\n|t:|1666297618\n|switch|p2a: Zapdos|Zapdos|94\/100 tox\n|move|p1a: Tornadus|U-turn|p2a: Zapdos\n|-resisted|p2a: Zapdos\n|-damage|p2a: Zapdos|88\/100 tox\n|\n|t:|1666297625\n|switch|p1a: Rillaboom|Rillaboom, F|100\/100|[from]move: U-turn\n|-damage|p1a: Rillaboom|88\/100|[from] Stealth Rock\n|-fieldstart|move: Grassy Terrain|[from] ability: Grassy Surge|[of] p1a: Rillaboom\n|\n|-heal|p1a: Rillaboom|94\/100|[from] Grassy Terrain\n|-heal|p1a: Rillaboom|100\/100|[from] item: Leftovers\n|-damage|p2a: Zapdos|82\/100 tox|[from] psn\n|upkeep\n|turn|29\n|\n|t:|1666297629\n|switch|p1a: Melmetal|Melmetal|100\/100\n|-damage|p1a: Melmetal|94\/100|[from] Stealth Rock\n|move|p2a: Zapdos|Discharge|p1a: Melmetal\n|-damage|p1a: Melmetal|66\/100\n|\n|-heal|p1a: Melmetal|72\/100|[from] Grassy Terrain\n|-heal|p1a: Melmetal|79\/100|[from] item: Leftovers\n|-damage|p2a: Zapdos|70\/100 tox|[from] psn\n|upkeep\n|turn|30\n|\n|t:|1666297638\n|move|p2a: Zapdos|Discharge|p1a: Melmetal\n|-damage|p1a: Melmetal|50\/100\n|move|p1a: Melmetal|Thunder Punch|p2a: Zapdos\n|-damage|p2a: Zapdos|41\/100 tox\n|\n|-heal|p1a: Melmetal|57\/100|[from] Grassy Terrain\n|-heal|p1a: Melmetal|63\/100|[from] item: Leftovers\n|-damage|p2a: Zapdos|23\/100 tox|[from] psn\n|upkeep\n|turn|31\n|\n|t:|1666297646\n|switch|p2a: Druddigon|Druddigon, M|9\/100\n|-damage|p2a: Druddigon|0 fnt|[from] Stealth Rock\n|faint|p2a: Druddigon\n|move|p1a: Melmetal|Protect||[still]\n|-fail|p1a: Melmetal\n|\n|-heal|p1a: Melmetal|69\/100|[from] Grassy Terrain\n|-heal|p1a: Melmetal|75\/100|[from] item: Leftovers\n|upkeep\n|\n|t:|1666297654\n|switch|p2a: Togekiss|Togekiss, F|57\/100\n|-damage|p2a: Togekiss|32\/100|[from] Stealth Rock\n|turn|32\n|j| Jongruenwald\n|\n|t:|1666297658\n|move|p2a: Togekiss|Thunder Wave|p1a: Melmetal\n|-status|p1a: Melmetal|par\n|cant|p1a: Melmetal|par\n|\n|-heal|p2a: Togekiss|38\/100|[from] item: Leftovers\n|-heal|p1a: Melmetal|82\/100 par|[from] Grassy Terrain\n|-heal|p1a: Melmetal|88\/100 par|[from] item: Leftovers\n|-fieldend|move: Grassy Terrain\n|upkeep\n|turn|33\n|\n|t:|1666297660\n|move|p2a: Togekiss|Air Slash|p1a: Melmetal\n|-resisted|p1a: Melmetal\n|-damage|p1a: Melmetal|70\/100 par\n|cant|p1a: Melmetal|par\n|\n|-heal|p2a: Togekiss|44\/100|[from] item: Leftovers\n|-heal|p1a: Melmetal|77\/100 par|[from] item: Leftovers\n|upkeep\n|turn|34\n|\n|t:|1666297663\n|move|p2a: Togekiss|Air Slash|p1a: Melmetal\n|-resisted|p1a: Melmetal\n|-damage|p1a: Melmetal|59\/100 par\n|cant|p1a: Melmetal|flinch\n|\n|-heal|p2a: Togekiss|50\/100|[from] item: Leftovers\n|-heal|p1a: Melmetal|66\/100 par|[from] item: Leftovers\n|upkeep\n|turn|35\n|\n|t:|1666297665\n|move|p2a: Togekiss|Air Slash|p1a: Melmetal\n|-resisted|p1a: Melmetal\n|-damage|p1a: Melmetal|50\/100 par\n|cant|p1a: Melmetal|flinch\n|\n|-heal|p2a: Togekiss|56\/100|[from] item: Leftovers\n|-heal|p1a: Melmetal|57\/100 par|[from] item: Leftovers\n|upkeep\n|turn|36\n|\n|t:|1666297670\n|move|p2a: Togekiss|Air Slash|p1a: Melmetal\n|-resisted|p1a: Melmetal\n|-damage|p1a: Melmetal|41\/100 par\n|cant|p1a: Melmetal|flinch\n|\n|-heal|p2a: Togekiss|63\/100|[from] item: Leftovers\n|-heal|p1a: Melmetal|47\/100 par|[from] item: Leftovers\n|upkeep\n|turn|37\n|\n|t:|1666297672\n|move|p2a: Togekiss|Air Slash|p1a: Melmetal|[miss]\n|-miss|p2a: Togekiss|p1a: Melmetal\n|move|p1a: Melmetal|Double Iron Bash|p2a: Togekiss\n|-supereffective|p2a: Togekiss\n|-damage|p2a: Togekiss|0 fnt\n|faint|p2a: Togekiss\n|-hitcount|p2: Togekiss|1\n|\n|-heal|p1a: Melmetal|53\/100 par|[from] item: Leftovers\n|upkeep\n|\n|t:|1666297685\n|switch|p2a: Hydreigon|Hydreigon, F|21\/100\n|-damage|p2a: Hydreigon|9\/100|[from] Stealth Rock\n|turn|38\n|\n|t:|1666297692\n|move|p2a: Hydreigon|Dark Pulse|p1a: Melmetal\n|-damage|p1a: Melmetal|17\/100 par\n|move|p1a: Melmetal|Double Iron Bash|p2a: Hydreigon\n|-damage|p2a: Hydreigon|0 fnt\n|faint|p2a: Hydreigon\n|-hitcount|p2: Hydreigon|1\n|\n|-heal|p1a: Melmetal|23\/100 par|[from] item: Leftovers\n|upkeep\n|\n|t:|1666297697\n|switch|p2a: Jirachi|Jirachi|78\/100\n|-damage|p2a: Jirachi|72\/100|[from] Stealth Rock\n|turn|39\n|\n|t:|1666297699\n|switch|p1a: Slowbro|Slowbro, M|73\/100 par\n|-damage|p1a: Slowbro|60\/100 par|[from] Stealth Rock\n|move|p2a: Jirachi|Healing Wish|p2a: Jirachi\n|faint|p2a: Jirachi\n|\n|upkeep\n|\n|t:|1666297701\n|switch|p2a: Zapdos|Zapdos|23\/100 tox\n|-heal|p2a: Zapdos|100\/100|[from] move: Healing Wish\n|turn|40\n|\n|t:|1666297710\n|switch|p1a: Melmetal|Melmetal|23\/100 par\n|-damage|p1a: Melmetal|17\/100 par|[from] Stealth Rock\n|move|p2a: Zapdos|Discharge|p1a: Melmetal\n|-damage|p1a: Melmetal|0 fnt\n|faint|p1a: Melmetal\n|\n|upkeep\n|\n|t:|1666297711\n|switch|p1a: Slowbro|Slowbro, M|94\/100 par\n|-damage|p1a: Slowbro|81\/100 par|[from] Stealth Rock\n|turn|41\n|\n|t:|1666297712\n|move|p2a: Zapdos|Discharge|p1a: Slowbro\n|-supereffective|p1a: Slowbro\n|-damage|p1a: Slowbro|14\/100 par\n|move|p1a: Slowbro|Toxic|p2a: Zapdos\n|-status|p2a: Zapdos|tox\n|\n|-damage|p2a: Zapdos|94\/100 tox|[from] psn\n|upkeep\n|turn|42\n|\n|t:|1666297730\n|move|p2a: Zapdos|Hurricane|p1a: Slowbro|[miss]\n|-miss|p2a: Zapdos|p1a: Slowbro\n|move|p1a: Slowbro|Scald|p2a: Zapdos\n|-damage|p2a: Zapdos|67\/100 tox\n|\n|-damage|p2a: Zapdos|55\/100 tox|[from] psn\n|upkeep\n|turn|43\n|\n|t:|1666297734\n|move|p2a: Zapdos|Discharge|p1a: Slowbro\n|-supereffective|p1a: Slowbro\n|-damage|p1a: Slowbro|0 fnt\n|faint|p1a: Slowbro\n|\n|-damage|p2a: Zapdos|36\/100 tox|[from] psn\n|upkeep\n|\n|t:|1666297742\n|switch|p1a: Rillaboom|Rillaboom, F|100\/100\n|-damage|p1a: Rillaboom|88\/100|[from] Stealth Rock\n|-fieldstart|move: Grassy Terrain|[from] ability: Grassy Surge|[of] p1a: Rillaboom\n|turn|44\n|\n|t:|1666297745\n|move|p1a: Rillaboom|Grassy Glide|p2a: Zapdos\n|-resisted|p2a: Zapdos\n|-damage|p2a: Zapdos|16\/100 tox\n|-status|p1a: Rillaboom|par|[from] ability: Static|[of] p2a: Zapdos\n|move|p2a: Zapdos|Roost|p2a: Zapdos\n|-heal|p2a: Zapdos|66\/100 tox\n|-singleturn|p2a: Zapdos|move: Roost\n|\n|-heal|p2a: Zapdos|72\/100 tox|[from] Grassy Terrain\n|-heal|p1a: Rillaboom|94\/100 par|[from] Grassy Terrain\n|-heal|p1a: Rillaboom|100\/100 par|[from] item: Leftovers\n|-damage|p2a: Zapdos|47\/100 tox|[from] psn\n|upkeep\n|turn|45\n|\n|t:|1666297751\n|move|p2a: Zapdos|Hurricane|p1a: Rillaboom\n|-supereffective|p1a: Rillaboom\n|-damage|p1a: Rillaboom|0 fnt\n|faint|p1a: Rillaboom\n|\n|-damage|p2a: Zapdos|16\/100 tox|[from] psn\n|upkeep\n|\n|t:|1666297754\n|switch|p1a: Tornadus|Tornadus-Therian, M|100\/100\n|turn|46\n|\n|t:|1666297755\n|move|p1a: Tornadus|Heat Wave|p2a: Zapdos\n|-damage|p2a: Zapdos|0 fnt\n|faint|p2a: Zapdos\n|\n|win|OUTD FENDINI\n|raw|OUTD FENDINI's rating: 1648 &rarr; <strong>1672<\/strong><br \/>(+24 for winning)\n|raw|cump4's rating: 1716 &rarr; <strong>1692<\/strong><br \/>(-24 for losing)\n|c|\u2606cump4|gg\n|l|\u2606cump4\n|c|\u2606OUTD FENDINI|gg\n","uploadtime":1666297766,"views":22,"p1id":"outdfendini","p2id":"cump4","formatid":"gen8ou","rating":1672,"private":0,"password":null}