{"id":"gen8ou-1570108556","p1":"LT_Alt1","p2":"HOF69","format":"gen8ou","log":"|j|\u2606LT_Alt1\n|j|\u2606HOF69\n|t:|1651984512\n|gametype|singles\n|player|p1|LT_Alt1|169|1778\n|player|p2|HOF69|red|2013\n|teamsize|p1|6\n|teamsize|p2|6\n|gen|8\n|tier|[Gen 8] OU\n|rated|\n|rule|Sleep Clause Mod: Limit one foe put to sleep\n|rule|Species Clause: Limit one of each Pok\u00e9mon\n|rule|OHKO Clause: OHKO moves are banned\n|rule|Evasion Moves Clause: Evasion moves are banned\n|rule|Endless Battle Clause: Forcing endless battles is banned\n|rule|HP Percentage Mod: HP is shown in percentages\n|rule|Dynamax Clause: You cannot dynamax\n|clearpoke\n|poke|p1|Alakazam, M|\n|poke|p1|Chansey, F|\n|poke|p1|Zapdos|\n|poke|p1|Clefable, M|\n|poke|p1|Slowbro, F|\n|poke|p1|Rhydon, M|\n|poke|p2|Gengar, M|\n|poke|p2|Blacephalon|\n|poke|p2|Kartana|\n|poke|p2|Tapu Lele|\n|poke|p2|Landorus-Therian, M|\n|poke|p2|Krookodile, M|\n|teampreview\n|\n|t:|1651984526\n|start\n|switch|p1a: Rhydon|Rhydon, M|100\/100\n|switch|p2a: Krookodile|Krookodile, M|100\/100\n|-ability|p2a: Krookodile|Intimidate|boost\n|-unboost|p1a: Rhydon|atk|1\n|turn|1\n|\n|t:|1651984535\n|move|p2a: Krookodile|Taunt|p1a: Rhydon\n|-start|p1a: Rhydon|move: Taunt\n|move|p1a: Rhydon|Earthquake|p2a: Krookodile\n|-damage|p2a: Krookodile|49\/100\n|\n|upkeep\n|turn|2\n|\n|t:|1651984541\n|move|p2a: Krookodile|Stealth Rock|p1a: Rhydon\n|-sidestart|p1: LT_Alt1|move: Stealth Rock\n|move|p1a: Rhydon|Earthquake|p2a: Krookodile\n|-damage|p2a: Krookodile|0 fnt\n|faint|p2a: Krookodile\n|\n|upkeep\n|\n|t:|1651984558\n|switch|p2a: Kartana|Kartana|100\/100\n|turn|3\n|\n|t:|1651984563\n|move|p2a: Kartana|Swords Dance|p2a: Kartana\n|-boost|p2a: Kartana|atk|2\n|move|p1a: Rhydon|Fire Punch|p2a: Kartana\n|-supereffective|p2a: Kartana\n|-damage|p2a: Kartana|14\/100\n|\n|-end|p1a: Rhydon|move: Taunt\n|upkeep\n|turn|4\n|\n|t:|1651984572\n|switch|p1a: Slowbro|Slowbro, F|100\/100\n|-damage|p1a: Slowbro|88\/100|[from] Stealth Rock\n|move|p2a: Kartana|Leaf Blade|p1a: Slowbro\n|-supereffective|p1a: Slowbro\n|-damage|p1a: Slowbro|0 fnt\n|faint|p1a: Slowbro\n|-ability|p2a: Kartana|Beast Boost|boost\n|-boost|p2a: Kartana|atk|1\n|\n|upkeep\n|\n|t:|1651984583\n|switch|p1a: Alakazam|Alakazam, M|100\/100\n|turn|5\n|j| godlike.shin\n|\n|t:|1651984593\n|switch|p2a: Landorus|Landorus-Therian, M|100\/100\n|-ability|p2a: Landorus|Intimidate|boost\n|-unboost|p1a: Alakazam|atk|1\n|move|p1a: Alakazam|Shadow Ball|p2a: Landorus\n|-damage|p2a: Landorus|80\/100\n|\n|upkeep\n|turn|6\n|\n|t:|1651984603\n|switch|p1a: Zapdos|Zapdos|100\/100\n|move|p2a: Landorus|Smack Down|p1a: Zapdos\n|-supereffective|p1a: Zapdos\n|-damage|p1a: Zapdos|67\/100\n|-start|p1a: Zapdos|Smack Down\n|\n|upkeep\n|turn|7\n|\n|t:|1651984611\n|switch|p1a: Chansey|Chansey, F|100\/100\n|-damage|p1a: Chansey|88\/100|[from] Stealth Rock\n|move|p2a: Landorus|Earthquake|p1a: Chansey\n|-damage|p1a: Chansey|52\/100\n|\n|upkeep\n|turn|8\n|\n|t:|1651984617\n|move|p2a: Landorus|U-turn|p1a: Chansey\n|-damage|p1a: Chansey|36\/100\n|\n|t:|1651984619\n|switch|p2a: Kartana|Kartana|14\/100|[from]move: U-turn\n|move|p1a: Chansey|Soft-Boiled|p1a: Chansey\n|-heal|p1a: Chansey|86\/100\n|\n|upkeep\n|turn|9\n|\n|t:|1651984625\n|switch|p1a: Zapdos|Zapdos|67\/100\n|move|p2a: Kartana|Knock Off|p1a: Zapdos\n|-damage|p1a: Zapdos|33\/100\n|-enditem|p1a: Zapdos|Heavy-Duty Boots|[from] move: Knock Off|[of] p2a: Kartana\n|\n|upkeep\n|turn|10\n|\n|t:|1651984631\n|move|p2a: Kartana|Swords Dance|p2a: Kartana\n|-boost|p2a: Kartana|atk|2\n|move|p1a: Zapdos|Roost|p1a: Zapdos\n|-heal|p1a: Zapdos|83\/100\n|-singleturn|p1a: Zapdos|move: Roost\n|\n|upkeep\n|turn|11\n|\n|t:|1651984651\n|move|p2a: Kartana|Leaf Blade|p1a: Zapdos\n|-resisted|p1a: Zapdos\n|-damage|p1a: Zapdos|32\/100\n|move|p1a: Zapdos|Light Screen|p1a: Zapdos\n|-sidestart|p1: LT_Alt1|move: Light Screen\n|\n|upkeep\n|turn|12\n|\n|t:|1651984659\n|move|p2a: Kartana|Leaf Blade|p1a: Zapdos\n|-resisted|p1a: Zapdos\n|-damage|p1a: Zapdos|0 fnt\n|faint|p1a: Zapdos\n|-ability|p2a: Kartana|Beast Boost|boost\n|-boost|p2a: Kartana|atk|1\n|\n|upkeep\n|\n|t:|1651984665\n|switch|p1a: Alakazam|Alakazam, M|100\/100\n|turn|13\n|\n|t:|1651984674\n|move|p1a: Alakazam|Psychic|p2a: Kartana\n|-resisted|p2a: Kartana\n|-damage|p2a: Kartana|0 fnt\n|faint|p2a: Kartana\n|\n|upkeep\n|\n|t:|1651984676\n|switch|p2a: Landorus|Landorus-Therian, M|80\/100\n|-ability|p2a: Landorus|Intimidate|boost\n|-unboost|p1a: Alakazam|atk|1\n|turn|14\n|\n|t:|1651984683\n|switch|p1a: Chansey|Chansey, F|86\/100\n|-damage|p1a: Chansey|74\/100|[from] Stealth Rock\n|move|p2a: Landorus|Knock Off|p1a: Chansey\n|-damage|p1a: Chansey|52\/100\n|-enditem|p1a: Chansey|Eviolite|[from] move: Knock Off|[of] p2a: Landorus\n|\n|upkeep\n|turn|15\n|\n|t:|1651984691\n|move|p2a: Landorus|Earthquake|p1a: Chansey\n|-damage|p1a: Chansey|0 fnt\n|faint|p1a: Chansey\n|\n|-sideend|p1: LT_Alt1|move: Light Screen\n|upkeep\n|j| Reign1997\n|\n|t:|1651984697\n|switch|p1a: Rhydon|Rhydon, M|100\/100\n|-damage|p1a: Rhydon|94\/100|[from] Stealth Rock\n|turn|16\n|\n|t:|1651984702\n|move|p2a: Landorus|Earthquake|p1a: Rhydon\n|-supereffective|p1a: Rhydon\n|-damage|p1a: Rhydon|44\/100\n|move|p1a: Rhydon|Stone Edge|p2a: Landorus\n|-damage|p2a: Landorus|28\/100\n|\n|upkeep\n|turn|17\n|\n|t:|1651984708\n|move|p2a: Landorus|Earthquake|p1a: Rhydon\n|-supereffective|p1a: Rhydon\n|-damage|p1a: Rhydon|0 fnt\n|faint|p1a: Rhydon\n|\n|upkeep\n|\n|t:|1651984712\n|switch|p1a: Alakazam|Alakazam, M|100\/100\n|turn|18\n|\n|t:|1651984715\n|move|p1a: Alakazam|Psychic|p2a: Landorus\n|-damage|p2a: Landorus|0 fnt\n|faint|p2a: Landorus\n|\n|upkeep\n|\n|t:|1651984723\n|switch|p2a: Tapu Lele|Tapu Lele|100\/100\n|-fieldstart|move: Psychic Terrain|[from] ability: Psychic Surge|[of] p2a: Tapu Lele\n|turn|19\n|\n|t:|1651984727\n|move|p1a: Alakazam|Shadow Ball|p2a: Tapu Lele\n|-supereffective|p2a: Tapu Lele\n|-damage|p2a: Tapu Lele|28\/100\n|move|p2a: Tapu Lele|Moonblast|p1a: Alakazam\n|-damage|p1a: Alakazam|25\/100\n|\n|upkeep\n|turn|20\n|\n|t:|1651984733\n|move|p1a: Alakazam|Psychic|p2a: Tapu Lele\n|-resisted|p2a: Tapu Lele\n|-damage|p2a: Tapu Lele|0 fnt\n|faint|p2a: Tapu Lele\n|\n|upkeep\n|\n|t:|1651984736\n|switch|p2a: Blacephalon|Blacephalon|100\/100\n|turn|21\n|\n|t:|1651984740\n|switch|p1a: Clefable|Clefable, M|100\/100\n|move|p2a: Blacephalon|Flamethrower|p1a: Clefable\n|-damage|p1a: Clefable|58\/100\n|\n|upkeep\n|turn|22\n|\n|t:|1651984749\n|switch|p2a: Gengar|Gengar, M, shiny|100\/100\n|switch|p1a: Alakazam|Alakazam, M|25\/100\n|\n|upkeep\n|turn|23\n|\n|t:|1651984756\n|move|p1a: Alakazam|Psychic|p2a: Gengar\n|-supereffective|p2a: Gengar\n|-enditem|p2a: Gengar|Focus Sash\n|-damage|p2a: Gengar|1\/100\n|-start|p1a: Alakazam|Disable|Psychic|[from] ability: Cursed Body|[of] p2a: Gengar\n|move|p2a: Gengar|Shadow Ball|p1a: Alakazam\n|-supereffective|p1a: Alakazam\n|-damage|p1a: Alakazam|0 fnt\n|faint|p1a: Alakazam\n|\n|-fieldend|move: Psychic Terrain\n|upkeep\n|c|\u2606HOF69|gg\n|\n|t:|1651984766\n|switch|p1a: Clefable|Clefable, M|58\/100\n|turn|24\n|\n|t:|1651984768\n|move|p2a: Gengar|Sludge Wave|p1a: Clefable\n|-supereffective|p1a: Clefable\n|-damage|p1a: Clefable|0 fnt\n|faint|p1a: Clefable\n|\n|win|HOF69\n|raw|LT_Alt1's rating: 1778 &rarr; <strong>1770<\/strong><br \/>(-8 for losing)\n|raw|HOF69's rating: 2013 &rarr; <strong>2021<\/strong><br \/>(+8 for winning)\n|l|\u2606HOF69\n","uploadtime":1651984795,"views":157,"p1id":"ltalt1","p2id":"hof69","formatid":"gen8ou","rating":1770,"private":0,"password":null}