{"id":"gen8ou-1584413511","p1":"Draco09876","p2":"gygt3","format":"gen8ou","log":"|j|\u2606Draco09876\n|j|\u2606gygt3\n|t:|1653710129\n|gametype|singles\n|player|p1|Draco09876|170|1728\n|player|p2|gygt3|#sugarhigh|1898\n|teamsize|p1|6\n|teamsize|p2|6\n|gen|8\n|tier|[Gen 8] OU\n|rated|\n|rule|Sleep Clause Mod: Limit one foe put to sleep\n|rule|Species Clause: Limit one of each Pok\u00e9mon\n|rule|OHKO Clause: OHKO moves are banned\n|rule|Evasion Moves Clause: Evasion moves are banned\n|rule|Endless Battle Clause: Forcing endless battles is banned\n|rule|HP Percentage Mod: HP is shown in percentages\n|rule|Dynamax Clause: You cannot dynamax\n|clearpoke\n|poke|p1|Ninetales-Alola, F|\n|poke|p1|Hatterene, F|\n|poke|p1|Bisharp, F|\n|poke|p1|Latias, F|\n|poke|p1|Buzzwole|\n|poke|p1|Swampert, F|\n|poke|p2|Urshifu-*, M|\n|poke|p2|Tyranitar, F|\n|poke|p2|Excadrill, M|\n|poke|p2|Zapdos|\n|poke|p2|Ferrothorn, M|\n|poke|p2|Tapu Lele|\n|teampreview\n|inactive|Battle timer is ON: inactive players will automatically lose when time's up. (requested by gygt3)\n|\n|t:|1653710149\n|start\n|switch|p1a: Ninetales|Ninetales-Alola, F|100\/100\n|switch|p2a: Urshifu|Urshifu-Rapid-Strike, M|100\/100\n|-weather|Hail|[from] ability: Snow Warning|[of] p1a: Ninetales\n|turn|1\n|\n|t:|1653710155\n|switch|p2a: Tyranitar|Tyranitar, F|100\/100\n|-weather|Sandstorm|[from] ability: Sand Stream|[of] p2a: Tyranitar\n|move|p1a: Ninetales|Moonblast|p2a: Tyranitar\n|-supereffective|p2a: Tyranitar\n|-damage|p2a: Tyranitar|53\/100\n|-unboost|p2a: Tyranitar|spa|1\n|\n|-weather|Sandstorm|[upkeep]\n|-damage|p1a: Ninetales|95\/100|[from] Sandstorm\n|upkeep\n|turn|2\n|\n|t:|1653710164\n|switch|p1a: Hatterene|Hatterene, F|100\/100\n|switch|p2a: Ferrothorn|Ferrothorn, M|100\/100\n|\n|-weather|Sandstorm|[upkeep]\n|-damage|p1a: Hatterene|95\/100|[from] Sandstorm\n|upkeep\n|turn|3\n|\n|t:|1653710170\n|switch|p2a: Zapdos|Zapdos|100\/100\n|move|p1a: Hatterene|Mystical Fire|p2a: Zapdos\n|-damage|p2a: Zapdos|74\/100\n|-unboost|p2a: Zapdos|spa|1\n|\n|-weather|Sandstorm|[upkeep]\n|-damage|p2a: Zapdos|68\/100|[from] Sandstorm\n|-damage|p1a: Hatterene|89\/100|[from] Sandstorm\n|upkeep\n|turn|4\n|\n|t:|1653710176\n|move|p2a: Zapdos|Volt Switch|p1a: Hatterene\n|-damage|p1a: Hatterene|74\/100\n|\n|t:|1653710180\n|switch|p2a: Tyranitar|Tyranitar, F|53\/100|[from]move: Volt Switch\n|move|p1a: Hatterene|Dazzling Gleam|p2a: Tyranitar\n|-supereffective|p2a: Tyranitar\n|-damage|p2a: Tyranitar|0 fnt\n|faint|p2a: Tyranitar\n|\n|-weather|Sandstorm|[upkeep]\n|-damage|p1a: Hatterene|68\/100|[from] Sandstorm\n|upkeep\n|\n|t:|1653710183\n|switch|p2a: Excadrill|Excadrill, M|100\/100\n|turn|5\n|\n|t:|1653710188\n|switch|p2a: Zapdos|Zapdos|68\/100\n|switch|p1a: Buzzwole|Buzzwole|100\/100\n|\n|-weather|none\n|upkeep\n|turn|6\n|\n|t:|1653710191\n|switch|p1a: Swampert|Swampert, F|100\/100\n|move|p2a: Zapdos|Hurricane|p1a: Swampert|[miss]\n|-miss|p2a: Zapdos|p1a: Swampert\n|\n|upkeep\n|turn|7\n|\n|t:|1653710196\n|move|p2a: Zapdos|Hurricane|p1a: Swampert\n|-damage|p1a: Swampert|71\/100\n|-start|p1a: Swampert|confusion\n|-activate|p1a: Swampert|confusion\n|move|p1a: Swampert|Stealth Rock|p2a: Zapdos\n|-sidestart|p2: gygt3|move: Stealth Rock\n|\n|-heal|p1a: Swampert|77\/100|[from] item: Leftovers\n|upkeep\n|turn|8\n|\n|t:|1653710202\n|switch|p2a: Ferrothorn|Ferrothorn, M|100\/100\n|-damage|p2a: Ferrothorn|95\/100|[from] Stealth Rock\n|-activate|p1a: Swampert|confusion\n|move|p1a: Swampert|Flip Turn|p2a: Ferrothorn\n|-resisted|p2a: Ferrothorn\n|-damage|p2a: Ferrothorn|86\/100\n|-damage|p1a: Swampert|65\/100|[from] ability: Iron Barbs|[of] p2a: Ferrothorn\n|\n|t:|1653710204\n|switch|p1a: Hatterene|Hatterene, F|68\/100|[from]move: Flip Turn\n|\n|-heal|p2a: Ferrothorn|92\/100|[from] item: Leftovers\n|upkeep\n|turn|9\n|\n|t:|1653710208\n|switch|p2a: Zapdos|Zapdos|68\/100\n|move|p1a: Hatterene|Mystical Fire|p2a: Zapdos\n|-damage|p2a: Zapdos|40\/100\n|-unboost|p2a: Zapdos|spa|1\n|\n|upkeep\n|turn|10\n|\n|t:|1653710212\n|move|p2a: Zapdos|Roost|p2a: Zapdos\n|-heal|p2a: Zapdos|90\/100\n|-singleturn|p2a: Zapdos|move: Roost\n|move|p1a: Hatterene|Psyshock|p2a: Zapdos\n|-damage|p2a: Zapdos|55\/100\n|\n|upkeep\n|turn|11\n|\n|t:|1653710216\n|switch|p1a: Swampert|Swampert, F|65\/100\n|move|p2a: Zapdos|Roost|p2a: Zapdos\n|-heal|p2a: Zapdos|100\/100\n|-singleturn|p2a: Zapdos|move: Roost\n|\n|-heal|p1a: Swampert|71\/100|[from] item: Leftovers\n|upkeep\n|turn|12\n|j| sweetmoves55\n|\n|t:|1653710219\n|switch|p2a: Ferrothorn|Ferrothorn, M|92\/100\n|-damage|p2a: Ferrothorn|86\/100|[from] Stealth Rock\n|move|p1a: Swampert|Yawn|p2a: Ferrothorn\n|-start|p2a: Ferrothorn|move: Yawn|[of] p1a: Swampert\n|\n|-heal|p1a: Swampert|77\/100|[from] item: Leftovers\n|-heal|p2a: Ferrothorn|92\/100|[from] item: Leftovers\n|upkeep\n|turn|13\n|\n|t:|1653710225\n|switch|p2a: Zapdos|Zapdos|100\/100\n|move|p1a: Swampert|Flip Turn|p2a: Zapdos\n|-damage|p2a: Zapdos|83\/100\n|\n|t:|1653710228\n|switch|p1a: Ninetales|Ninetales-Alola, F|95\/100|[from]move: Flip Turn\n|-weather|Hail|[from] ability: Snow Warning|[of] p1a: Ninetales\n|\n|-weather|Hail|[upkeep]\n|-damage|p2a: Zapdos|77\/100|[from] Hail\n|upkeep\n|turn|14\n|\n|t:|1653710233\n|switch|p2a: Ferrothorn|Ferrothorn, M|92\/100\n|-damage|p2a: Ferrothorn|86\/100|[from] Stealth Rock\n|move|p1a: Ninetales|Aurora Veil|p1a: Ninetales\n|-sidestart|p1: Draco09876|move: Aurora Veil\n|\n|-weather|Hail|[upkeep]\n|-damage|p2a: Ferrothorn|80\/100|[from] Hail\n|-heal|p2a: Ferrothorn|86\/100|[from] item: Leftovers\n|upkeep\n|turn|15\n|\n|t:|1653710237\n|switch|p1a: Hatterene|Hatterene, F|68\/100\n|move|p2a: Ferrothorn|Knock Off|p1a: Hatterene\n|-damage|p1a: Hatterene|56\/100\n|-enditem|p1a: Hatterene|Assault Vest|[from] move: Knock Off|[of] p2a: Ferrothorn\n|\n|-weather|Hail|[upkeep]\n|-damage|p1a: Hatterene|50\/100|[from] Hail\n|-damage|p2a: Ferrothorn|80\/100|[from] Hail\n|-heal|p2a: Ferrothorn|86\/100|[from] item: Leftovers\n|upkeep\n|turn|16\n|\n|t:|1653710241\n|switch|p2a: Zapdos|Zapdos|77\/100\n|move|p1a: Hatterene|Mystical Fire|p2a: Zapdos\n|-damage|p2a: Zapdos|50\/100\n|-unboost|p2a: Zapdos|spa|1\n|\n|-weather|Hail|[upkeep]\n|-damage|p2a: Zapdos|44\/100|[from] Hail\n|-damage|p1a: Hatterene|44\/100|[from] Hail\n|upkeep\n|turn|17\n|\n|t:|1653710249\n|move|p2a: Zapdos|Roost|p2a: Zapdos\n|-heal|p2a: Zapdos|94\/100\n|-singleturn|p2a: Zapdos|move: Roost\n|move|p1a: Hatterene|Dazzling Gleam|p2a: Zapdos\n|-damage|p2a: Zapdos|51\/100\n|\n|-weather|none\n|upkeep\n|turn|18\n|\n|t:|1653710254\n|switch|p1a: Ninetales|Ninetales-Alola, F|95\/100\n|-weather|Hail|[from] ability: Snow Warning|[of] p1a: Ninetales\n|move|p2a: Zapdos|Volt Switch|p1a: Ninetales\n|-damage|p1a: Ninetales|82\/100\n|\n|t:|1653710256\n|switch|p2a: Excadrill|Excadrill, M|100\/100|[from]move: Volt Switch\n|-damage|p2a: Excadrill|97\/100|[from] Stealth Rock\n|\n|-weather|Hail|[upkeep]\n|-damage|p2a: Excadrill|91\/100|[from] Hail\n|upkeep\n|turn|19\n|\n|t:|1653710264\n|switch|p1a: Buzzwole|Buzzwole|100\/100\n|move|p2a: Excadrill|Rapid Spin|p1a: Buzzwole\n|-damage|p1a: Buzzwole|91\/100\n|-boost|p2a: Excadrill|spe|1\n|-damage|p2a: Excadrill|75\/100|[from] item: Rocky Helmet|[of] p1a: Buzzwole\n|-sideend|p2: gygt3|Stealth Rock|[from] move: Rapid Spin|[of] p2a: Excadrill\n|\n|-weather|Hail|[upkeep]\n|-damage|p2a: Excadrill|69\/100|[from] Hail\n|-damage|p1a: Buzzwole|85\/100|[from] Hail\n|upkeep\n|turn|20\n|\n|t:|1653710269\n|switch|p2a: Tapu Lele|Tapu Lele, shiny|100\/100\n|-fieldstart|move: Psychic Terrain|[from] ability: Psychic Surge|[of] p2a: Tapu Lele\n|move|p1a: Buzzwole|Toxic|p2a: Tapu Lele\n|-status|p2a: Tapu Lele|tox\n|\n|-weather|Hail|[upkeep]\n|-damage|p2a: Tapu Lele|94\/100 tox|[from] Hail\n|-damage|p1a: Buzzwole|79\/100|[from] Hail\n|-damage|p2a: Tapu Lele|88\/100 tox|[from] psn\n|upkeep\n|turn|21\n|\n|t:|1653710278\n|switch|p2a: Urshifu|Urshifu-Rapid-Strike, M|100\/100\n|switch|p1a: Hatterene|Hatterene, F|44\/100\n|\n|-weather|Hail|[upkeep]\n|-damage|p2a: Urshifu|94\/100|[from] Hail\n|-damage|p1a: Hatterene|38\/100|[from] Hail\n|-sideend|p1: Draco09876|move: Aurora Veil\n|upkeep\n|turn|22\n|\n|t:|1653710283\n|switch|p1a: Buzzwole|Buzzwole|79\/100\n|move|p2a: Urshifu|Surging Strikes|p1a: Buzzwole\n|-crit|p1a: Buzzwole\n|-damage|p1a: Buzzwole|67\/100\n|-crit|p1a: Buzzwole\n|-damage|p1a: Buzzwole|55\/100\n|-crit|p1a: Buzzwole\n|-damage|p1a: Buzzwole|42\/100\n|-hitcount|p1a: Buzzwole|3\n|\n|-weather|none\n|upkeep\n|turn|23\n|\n|t:|1653710289\n|move|p2a: Urshifu|Surging Strikes|p1a: Buzzwole\n|-crit|p1a: Buzzwole\n|-damage|p1a: Buzzwole|29\/100\n|-crit|p1a: Buzzwole\n|-damage|p1a: Buzzwole|17\/100\n|-crit|p1a: Buzzwole\n|-damage|p1a: Buzzwole|5\/100\n|-hitcount|p1a: Buzzwole|3\n|move|p1a: Buzzwole|Roost|p1a: Buzzwole\n|-heal|p1a: Buzzwole|55\/100\n|-singleturn|p1a: Buzzwole|move: Roost\n|\n|upkeep\n|turn|24\n|\n|t:|1653710293\n|move|p2a: Urshifu|U-turn|p1a: Buzzwole\n|-resisted|p1a: Buzzwole\n|-damage|p1a: Buzzwole|47\/100\n|\n|t:|1653710295\n|switch|p2a: Zapdos|Zapdos|51\/100|[from]move: U-turn\n|move|p1a: Buzzwole|Roost|p1a: Buzzwole\n|-heal|p1a: Buzzwole|97\/100\n|-singleturn|p1a: Buzzwole|move: Roost\n|\n|-fieldend|move: Psychic Terrain\n|upkeep\n|turn|25\n|\n|t:|1653710305\n|switch|p1a: Swampert|Swampert, F|77\/100\n|move|p2a: Zapdos|Hurricane|p1a: Swampert\n|-damage|p1a: Swampert|47\/100\n|-start|p1a: Swampert|confusion\n|\n|-heal|p1a: Swampert|53\/100|[from] item: Leftovers\n|upkeep\n|turn|26\n|\n|t:|1653710311\n|switch|p1a: Hatterene|Hatterene, F|38\/100\n|move|p2a: Zapdos|Hurricane|p1a: Hatterene\n|-damage|p1a: Hatterene|0 fnt\n|faint|p1a: Hatterene\n|\n|upkeep\n|j| Noob 0_o 2022\n|j| meatwad222\n|\n|t:|1653710318\n|switch|p1a: Latias|Latias, F|100\/100\n|turn|27\n|j| Djdkdkdkdmdmd\n|j| Zeno420\n|\n|t:|1653710321\n|move|p1a: Latias|Agility|p1a: Latias\n|-boost|p1a: Latias|spe|2\n|move|p2a: Zapdos|Volt Switch|p1a: Latias\n|-resisted|p1a: Latias\n|-crit|p1a: Latias\n|-damage|p1a: Latias|82\/100\n|j| D10S Dog\n|inactive|gygt3 has 120 seconds left.\n|\n|t:|1653710375\n|switch|p2a: Ferrothorn|Ferrothorn, M|86\/100|[from]move: Volt Switch\n|\n|-heal|p2a: Ferrothorn|92\/100|[from] item: Leftovers\n|upkeep\n|turn|28\n|\n|t:|1653710387\n|move|p1a: Latias|Aura Sphere|p2a: Ferrothorn\n|-supereffective|p2a: Ferrothorn\n|-damage|p2a: Ferrothorn|57\/100\n|move|p2a: Ferrothorn|Leech Seed|p1a: Latias\n|-start|p1a: Latias|move: Leech Seed\n|\n|-heal|p2a: Ferrothorn|63\/100|[from] item: Leftovers\n|-damage|p1a: Latias|69\/100|[from] Leech Seed|[of] p2a: Ferrothorn\n|-heal|p2a: Ferrothorn|73\/100|[silent]\n|upkeep\n|turn|29\n|j| Cubielubie\n|\n|t:|1653710403\n|switch|p1a: Buzzwole|Buzzwole|97\/100\n|switch|p2a: Tapu Lele|Tapu Lele, shiny|88\/100 tox\n|-fieldstart|move: Psychic Terrain|[from] ability: Psychic Surge|[of] p2a: Tapu Lele\n|\n|-damage|p2a: Tapu Lele|82\/100 tox|[from] psn\n|upkeep\n|turn|30\n|\n|t:|1653710411\n|switch|p1a: Swampert|Swampert, F|53\/100\n|move|p2a: Tapu Lele|Moonblast|p1a: Swampert\n|-damage|p1a: Swampert|18\/100\n|-unboost|p1a: Swampert|spa|1\n|\n|-heal|p1a: Swampert|25\/100|[from] item: Leftovers\n|-damage|p2a: Tapu Lele|70\/100 tox|[from] psn\n|upkeep\n|turn|31\n|\n|t:|1653710416\n|move|p2a: Tapu Lele|Moonblast|p1a: Swampert\n|-damage|p1a: Swampert|0 fnt\n|faint|p1a: Swampert\n|\n|-damage|p2a: Tapu Lele|52\/100 tox|[from] psn\n|upkeep\n|\n|t:|1653710420\n|switch|p1a: Ninetales|Ninetales-Alola, F|82\/100\n|-weather|Hail|[from] ability: Snow Warning|[of] p1a: Ninetales\n|turn|32\n|j| j54321\n|\n|t:|1653710435\n|switch|p2a: Ferrothorn|Ferrothorn, M|73\/100\n|switch|p1a: Bisharp|Bisharp, F|100\/100\n|\n|-weather|Hail|[upkeep]\n|-damage|p1a: Bisharp|95\/100|[from] Hail\n|-damage|p2a: Ferrothorn|67\/100|[from] Hail\n|-heal|p2a: Ferrothorn|73\/100|[from] item: Leftovers\n|upkeep\n|turn|33\n|\n|t:|1653710440\n|switch|p1a: Buzzwole|Buzzwole|97\/100\n|switch|p2a: Urshifu|Urshifu-Rapid-Strike, M|94\/100\n|\n|-weather|Hail|[upkeep]\n|-damage|p2a: Urshifu|88\/100|[from] Hail\n|-damage|p1a: Buzzwole|91\/100|[from] Hail\n|-fieldend|move: Psychic Terrain\n|upkeep\n|turn|34\n|\n|t:|1653710447\n|move|p2a: Urshifu|Surging Strikes|p1a: Buzzwole\n|-crit|p1a: Buzzwole\n|-damage|p1a: Buzzwole|79\/100\n|-crit|p1a: Buzzwole\n|-damage|p1a: Buzzwole|66\/100\n|-crit|p1a: Buzzwole\n|-damage|p1a: Buzzwole|52\/100\n|-hitcount|p1a: Buzzwole|3\n|move|p1a: Buzzwole|Ice Punch|p2a: Urshifu\n|-resisted|p2a: Urshifu\n|-damage|p2a: Urshifu|76\/100\n|\n|-weather|Hail|[upkeep]\n|-damage|p2a: Urshifu|70\/100|[from] Hail\n|-damage|p1a: Buzzwole|46\/100|[from] Hail\n|upkeep\n|turn|35\n|\n|t:|1653710450\n|move|p2a: Urshifu|U-turn|p1a: Buzzwole\n|-resisted|p1a: Buzzwole\n|-damage|p1a: Buzzwole|39\/100\n|\n|t:|1653710451\n|switch|p2a: Zapdos|Zapdos|51\/100|[from]move: U-turn\n|move|p1a: Buzzwole|Roost|p1a: Buzzwole\n|-heal|p1a: Buzzwole|89\/100\n|-singleturn|p1a: Buzzwole|move: Roost\n|\n|-weather|Hail|[upkeep]\n|-damage|p2a: Zapdos|45\/100|[from] Hail\n|-damage|p1a: Buzzwole|82\/100|[from] Hail\n|upkeep\n|turn|36\n|l| Noob 0_o 2022\n|\n|t:|1653710458\n|switch|p1a: Ninetales|Ninetales-Alola, F|82\/100\n|move|p2a: Zapdos|Volt Switch|p1a: Ninetales\n|-damage|p1a: Ninetales|49\/100\n|\n|t:|1653710475\n|switch|p2a: Tapu Lele|Tapu Lele, shiny|52\/100 tox|[from]move: Volt Switch\n|-fieldstart|move: Psychic Terrain|[from] ability: Psychic Surge|[of] p2a: Tapu Lele\n|\n|-weather|none\n|-damage|p2a: Tapu Lele|46\/100 tox|[from] psn\n|upkeep\n|turn|37\n|\n|t:|1653710491\n|switch|p1a: Bisharp|Bisharp, F|95\/100\n|move|p2a: Tapu Lele|Psyshock|p1a: Bisharp\n|-immune|p1a: Bisharp\n|\n|-damage|p2a: Tapu Lele|34\/100 tox|[from] psn\n|upkeep\n|turn|38\n|\n|t:|1653710496\n|switch|p2a: Urshifu|Urshifu-Rapid-Strike, M|70\/100\n|move|p1a: Bisharp|Swords Dance|p1a: Bisharp\n|-boost|p1a: Bisharp|atk|2\n|\n|upkeep\n|turn|39\n|\n|t:|1653710502\n|switch|p1a: Buzzwole|Buzzwole|82\/100\n|move|p2a: Urshifu|Surging Strikes|p1a: Buzzwole\n|-crit|p1a: Buzzwole\n|-damage|p1a: Buzzwole|69\/100\n|-crit|p1a: Buzzwole\n|-damage|p1a: Buzzwole|56\/100\n|-crit|p1a: Buzzwole\n|-damage|p1a: Buzzwole|43\/100\n|-hitcount|p1a: Buzzwole|3\n|\n|upkeep\n|turn|40\n|\n|t:|1653710505\n|move|p2a: Urshifu|U-turn|p1a: Buzzwole\n|-resisted|p1a: Buzzwole\n|-damage|p1a: Buzzwole|36\/100\n|\n|t:|1653710507\n|switch|p2a: Zapdos|Zapdos|45\/100|[from]move: U-turn\n|move|p1a: Buzzwole|Roost|p1a: Buzzwole\n|-heal|p1a: Buzzwole|86\/100\n|-singleturn|p1a: Buzzwole|move: Roost\n|\n|-fieldend|move: Psychic Terrain\n|upkeep\n|turn|41\n|\n|t:|1653710511\n|move|p2a: Zapdos|Volt Switch|p1a: Buzzwole\n|-crit|p1a: Buzzwole\n|-damage|p1a: Buzzwole|45\/100\n|\n|t:|1653710520\n|switch|p2a: Urshifu|Urshifu-Rapid-Strike, M|70\/100|[from]move: Volt Switch\n|move|p1a: Buzzwole|Toxic|p2a: Urshifu\n|-status|p2a: Urshifu|tox\n|\n|-damage|p2a: Urshifu|64\/100 tox|[from] psn\n|upkeep\n|turn|42\n|j| J2Jump\n|\n|t:|1653710524\n|move|p2a: Urshifu|U-turn|p1a: Buzzwole\n|-resisted|p1a: Buzzwole\n|-damage|p1a: Buzzwole|38\/100\n|\n|t:|1653710526\n|switch|p2a: Zapdos|Zapdos|45\/100|[from]move: U-turn\n|move|p1a: Buzzwole|Roost|p1a: Buzzwole\n|-heal|p1a: Buzzwole|88\/100\n|-singleturn|p1a: Buzzwole|move: Roost\n|\n|upkeep\n|turn|43\n|\n|t:|1653710530\n|switch|p1a: Latias|Latias, F|69\/100\n|move|p2a: Zapdos|Heat Wave|p1a: Latias|[miss]\n|-miss|p2a: Zapdos|p1a: Latias\n|\n|upkeep\n|turn|44\n|\n|t:|1653710538\n|move|p1a: Latias|Calm Mind|p1a: Latias\n|-boost|p1a: Latias|spa|1\n|-boost|p1a: Latias|spd|1\n|move|p2a: Zapdos|Roost|p2a: Zapdos\n|-heal|p2a: Zapdos|95\/100\n|-singleturn|p2a: Zapdos|move: Roost\n|\n|upkeep\n|turn|45\n|\n|t:|1653710544\n|move|p1a: Latias|Calm Mind|p1a: Latias\n|-boost|p1a: Latias|spa|1\n|-boost|p1a: Latias|spd|1\n|move|p2a: Zapdos|Volt Switch|p1a: Latias\n|-resisted|p1a: Latias\n|-damage|p1a: Latias|63\/100\n|\n|t:|1653710554\n|switch|p2a: Ferrothorn|Ferrothorn, M|73\/100|[from]move: Volt Switch\n|\n|-heal|p2a: Ferrothorn|79\/100|[from] item: Leftovers\n|upkeep\n|turn|46\n|\n|t:|1653710557\n|move|p1a: Latias|Aura Sphere|p2a: Ferrothorn\n|-supereffective|p2a: Ferrothorn\n|-damage|p2a: Ferrothorn|0 fnt\n|faint|p2a: Ferrothorn\n|\n|upkeep\n|-message|gygt3 forfeited.\n|\n|win|Draco09876\n|raw|Draco09876's rating: 1728 &rarr; <strong>1757<\/strong><br \/>(+29 for winning)\n|raw|gygt3's rating: 1898 &rarr; <strong>1869<\/strong><br \/>(-29 for losing)\n|l|\u2606Draco09876\n|l| Zeno420\n|l| J2Jump\n|l| Djdkdkdkdmdmd\n","uploadtime":1653710673,"views":6,"p1id":"draco09876","p2id":"gygt3","formatid":"gen8ou","rating":1757,"private":0,"password":null}