{"id":"gen8ou-1702679400","p1":"socaselectah","p2":"The Teal Scizor","format":"gen8ou","log":"|j|\u2606socaselectah\n|j|\u2606The Teal Scizor\n|t:|1667577114\n|gametype|singles\n|player|p1|socaselectah|265|1685\n|player|p2|The Teal Scizor|169|1660\n|teamsize|p1|6\n|teamsize|p2|6\n|gen|8\n|tier|[Gen 8] OU\n|rated|\n|rule|Sleep Clause Mod: Limit one foe put to sleep\n|rule|Species Clause: Limit one of each Pok\u00e9mon\n|rule|OHKO Clause: OHKO moves are banned\n|rule|Evasion Items Clause: Evasion items are banned\n|rule|Evasion Moves Clause: Evasion moves are banned\n|rule|Endless Battle Clause: Forcing endless battles is banned\n|rule|HP Percentage Mod: HP is shown in percentages\n|rule|Dynamax Clause: You cannot dynamax\n|clearpoke\n|poke|p1|Torkoal, F|\n|poke|p1|Clefable, F|\n|poke|p1|Rillaboom, M|\n|poke|p1|Blacephalon|\n|poke|p1|Volcarona, F|\n|poke|p1|Mew|\n|poke|p2|Urshifu-*, F|\n|poke|p2|Tapu Lele|\n|poke|p2|Toxapex, M|\n|poke|p2|Weavile, F|\n|poke|p2|Clefable, F|\n|poke|p2|Landorus-Therian, M|\n|teampreview\n|inactive|Battle timer is ON: inactive players will automatically lose when time's up. (requested by socaselectah)\n|inactive|The Teal Scizor has 120 seconds left.\n|inactive|The Teal Scizor has 90 seconds left.\n|\n|t:|1667577179\n|start\n|switch|p1a: Mew|Mew|100\/100\n|switch|p2a: Urshifu|Urshifu-Rapid-Strike, F|100\/100\n|turn|1\n|inactive|socaselectah has 120 seconds left.\n|inactive|socaselectah has 90 seconds left.\n|\n|t:|1667577255\n|switch|p1a: Volcarona|Volcarona, F|100\/100\n|move|p2a: Urshifu|U-turn|p1a: Volcarona\n|-resisted|p1a: Volcarona\n|-damage|p1a: Volcarona|86\/100\n|\n|t:|1667577262\n|switch|p2a: Landorus|Landorus-Therian, M|100\/100|[from]move: U-turn\n|-ability|p2a: Landorus|Intimidate|boost\n|-unboost|p1a: Volcarona|atk|1\n|\n|-heal|p1a: Volcarona|92\/100|[from] item: Leftovers\n|upkeep\n|turn|2\n|\n|t:|1667577269\n|move|p1a: Volcarona|Substitute|p1a: Volcarona\n|-start|p1a: Volcarona|Substitute\n|-damage|p1a: Volcarona|68\/100\n|move|p2a: Landorus|Earthquake|p1a: Volcarona\n|-end|p1a: Volcarona|Substitute\n|\n|-heal|p1a: Volcarona|74\/100|[from] item: Leftovers\n|upkeep\n|turn|3\n|\n|t:|1667577271\n|switch|p1a: Rillaboom|Rillaboom, M|100\/100\n|-fieldstart|move: Grassy Terrain|[from] ability: Grassy Surge|[of] p1a: Rillaboom\n|move|p2a: Landorus|Earthquake|p1a: Rillaboom\n|-resisted|p1a: Rillaboom\n|-crit|p1a: Rillaboom\n|-damage|p1a: Rillaboom|77\/100\n|\n|-heal|p1a: Rillaboom|83\/100|[from] Grassy Terrain\n|upkeep\n|turn|4\n|\n|t:|1667577284\n|move|p2a: Landorus|Knock Off|p1a: Rillaboom\n|-damage|p1a: Rillaboom|44\/100\n|-enditem|p1a: Rillaboom|Choice Band|[from] move: Knock Off|[of] p2a: Landorus\n|move|p1a: Rillaboom|U-turn|p2a: Landorus\n|-resisted|p2a: Landorus\n|-damage|p2a: Landorus|86\/100\n|inactive|socaselectah has 90 seconds left.\n|inactive|socaselectah has 60 seconds left.\n|\n|t:|1667577357\n|switch|p1a: Mew|Mew|100\/100|[from]move: U-turn\n|\n|upkeep\n|turn|5\n|\n|t:|1667577372\n|switch|p2a: Urshifu|Urshifu-Rapid-Strike, F|100\/100\n|move|p1a: Mew|Ice Beam|p2a: Urshifu\n|-resisted|p2a: Urshifu\n|-damage|p2a: Urshifu|81\/100\n|\n|-heal|p2a: Urshifu|87\/100|[from] Grassy Terrain\n|upkeep\n|turn|6\n|\n|t:|1667577391\n|switch|p1a: Torkoal|Torkoal, F|100\/100\n|-weather|SunnyDay|[from] ability: Drought|[of] p1a: Torkoal\n|move|p2a: Urshifu|U-turn|p1a: Torkoal\n|-resisted|p1a: Torkoal\n|-damage|p1a: Torkoal|94\/100\n|inactive|The Teal Scizor has 120 seconds left.\n|\n|t:|1667577433\n|switch|p2a: Tapu Lele|Tapu Lele|100\/100|[from]move: U-turn\n|-fieldstart|move: Psychic Terrain|[from] ability: Psychic Surge|[of] p2a: Tapu Lele\n|\n|-weather|SunnyDay|[upkeep]\n|upkeep\n|turn|7\n|inactive|socaselectah has 30 seconds left.\n|inactive|socaselectah has 20 seconds left.\n|\n|t:|1667577474\n|switch|p1a: Clefable|Clefable, F|100\/100\n|move|p2a: Tapu Lele|Psychic|p1a: Clefable\n|-damage|p1a: Clefable|37\/100\n|\n|-weather|SunnyDay|[upkeep]\n|-heal|p1a: Clefable|43\/100|[from] item: Leftovers\n|upkeep\n|turn|8\n|inactive|socaselectah has 30 seconds left this turn.\n|\n|t:|1667577481\n|move|p2a: Tapu Lele|Psychic|p1a: Clefable\n|-damage|p1a: Clefable|0 fnt\n|faint|p1a: Clefable\n|\n|-weather|SunnyDay|[upkeep]\n|upkeep\n|inactive|socaselectah has 30 seconds left this turn.\n|\n|t:|1667577483\n|switch|p1a: Rillaboom|Rillaboom, M|44\/100\n|-fieldstart|move: Grassy Terrain|[from] ability: Grassy Surge|[of] p1a: Rillaboom\n|turn|9\n|inactive|socaselectah has 30 seconds left.\n|inactive|The Teal Scizor has 120 seconds left.\n|\n|t:|1667577508\n|switch|p2a: Clefable|Clefable, F|100\/100\n|move|p1a: Rillaboom|Grassy Glide|p2a: Clefable\n|-damage|p2a: Clefable|48\/100\n|\n|-weather|SunnyDay|[upkeep]\n|-heal|p1a: Rillaboom|50\/100|[from] Grassy Terrain\n|-heal|p2a: Clefable|54\/100|[from] Grassy Terrain\n|-heal|p2a: Clefable|60\/100|[from] item: Leftovers\n|upkeep\n|turn|10\n|inactive|The Teal Scizor has 120 seconds left.\n|inactive|The Teal Scizor has 90 seconds left.\n|\n|t:|1667577575\n|switch|p1a: Blacephalon|Blacephalon|100\/100\n|move|p2a: Clefable|Stealth Rock|p1a: Blacephalon\n|-sidestart|p1: socaselectah|move: Stealth Rock\n|\n|-weather|SunnyDay|[upkeep]\n|-heal|p2a: Clefable|66\/100|[from] Grassy Terrain\n|-heal|p2a: Clefable|72\/100|[from] item: Leftovers\n|upkeep\n|turn|11\n|inactive|socaselectah has 30 seconds left.\n|inactive|socaselectah has 20 seconds left.\n|inactive|socaselectah has 15 seconds left.\n|inactive|The Teal Scizor has 60 seconds left.\n|\n|t:|1667577607\n|move|p1a: Blacephalon|Trick|p2a: Clefable\n|-activate|p1a: Blacephalon|move: Trick|[of] p2a: Clefable\n|-item|p2a: Clefable|Choice Scarf|[from] move: Trick\n|-item|p1a: Blacephalon|Leftovers|[from] move: Trick\n|move|p2a: Clefable|Soft-Boiled|p2a: Clefable\n|-heal|p2a: Clefable|100\/100\n|\n|-weather|SunnyDay|[upkeep]\n|upkeep\n|turn|12\n|inactive|socaselectah has 25 seconds left this turn.\n|inactive|socaselectah has 20 seconds left.\n|inactive|The Teal Scizor has 60 seconds left.\n|inactive|socaselectah has 15 seconds left.\n|inactive|The Teal Scizor has 30 seconds left.\n|\n|t:|1667577653\n|switch|p2a: Toxapex|Toxapex, M|100\/100\n|move|p1a: Blacephalon|Psyshock|p2a: Toxapex\n|-supereffective|p2a: Toxapex\n|-damage|p2a: Toxapex|60\/100\n|-enditem|p2a: Toxapex|Eject Button\n|inactive|socaselectah has 20 seconds left this turn.\n|inactive|The Teal Scizor has 30 seconds left this turn.\n|\n|t:|1667577655\n|switch|p2a: Weavile|Weavile, F|100\/100\n|-ability|p2a: Weavile|Pressure\n|\n|-weather|SunnyDay|[upkeep]\n|upkeep\n|turn|13\n|inactive|socaselectah has 30 seconds left this turn.\n|inactive|socaselectah has 20 seconds left.\n|inactive|socaselectah has 15 seconds left.\n|\n|t:|1667577674\n|switch|p1a: Torkoal|Torkoal, F|94\/100\n|-damage|p1a: Torkoal|69\/100|[from] Stealth Rock\n|move|p2a: Weavile|Knock Off|p1a: Torkoal\n|-damage|p1a: Torkoal|40\/100\n|-enditem|p1a: Torkoal|Heat Rock|[from] move: Knock Off|[of] p2a: Weavile\n|\n|-weather|none\n|-heal|p1a: Torkoal|47\/100|[from] Grassy Terrain\n|-fieldend|move: Grassy Terrain\n|upkeep\n|turn|14\n|inactive|socaselectah has 25 seconds left this turn.\n|inactive|The Teal Scizor has 30 seconds left.\n|\n|t:|1667577700\n|switch|p2a: Tapu Lele|Tapu Lele|100\/100\n|-fieldstart|move: Psychic Terrain|[from] ability: Psychic Surge|[of] p2a: Tapu Lele\n|move|p1a: Torkoal|Rapid Spin|p2a: Tapu Lele\n|-damage|p2a: Tapu Lele|87\/100\n|-boost|p1a: Torkoal|spe|1\n|-sideend|p1: socaselectah|Stealth Rock|[from] move: Rapid Spin|[of] p1a: Torkoal\n|\n|upkeep\n|turn|15\n|inactive|socaselectah has 30 seconds left.\n|inactive|The Teal Scizor has 30 seconds left.\n|\n|t:|1667577713\n|switch|p1a: Mew|Mew|100\/100\n|move|p2a: Tapu Lele|Psychic|p1a: Mew\n|-resisted|p1a: Mew\n|-damage|p1a: Mew|48\/100\n|\n|upkeep\n|turn|16\n|\n|t:|1667577718\n|switch|p1a: Torkoal|Torkoal, F|47\/100\n|-weather|SunnyDay|[from] ability: Drought|[of] p1a: Torkoal\n|move|p2a: Tapu Lele|Psychic|p1a: Torkoal\n|-damage|p1a: Torkoal|0 fnt\n|faint|p1a: Torkoal\n|\n|-weather|SunnyDay|[upkeep]\n|upkeep\n|\n|t:|1667577719\n|switch|p1a: Volcarona|Volcarona, F|74\/100\n|turn|17\n|\n|t:|1667577730\n|switch|p2a: Toxapex|Toxapex, M|93\/100\n|move|p1a: Volcarona|Quiver Dance|p1a: Volcarona\n|-boost|p1a: Volcarona|spa|1\n|-boost|p1a: Volcarona|spd|1\n|-boost|p1a: Volcarona|spe|1\n|\n|-weather|SunnyDay|[upkeep]\n|-heal|p1a: Volcarona|80\/100|[from] item: Leftovers\n|upkeep\n|turn|18\n|\n|t:|1667577736\n|move|p1a: Volcarona|Substitute|p1a: Volcarona\n|-start|p1a: Volcarona|Substitute\n|-damage|p1a: Volcarona|55\/100\n|move|p2a: Toxapex|Haze|p2a: Toxapex\n|-clearallboost\n|\n|-weather|SunnyDay|[upkeep]\n|-heal|p1a: Volcarona|61\/100|[from] item: Leftovers\n|-fieldend|move: Psychic Terrain\n|upkeep\n|turn|19\n|\n|t:|1667577742\n|move|p1a: Volcarona|Fiery Dance|p2a: Toxapex\n|-resisted|p2a: Toxapex\n|-damage|p2a: Toxapex|69\/100\n|move|p2a: Toxapex|Knock Off|p1a: Volcarona\n|-activate|p1a: Volcarona|move: Substitute|[damage]\n|\n|-weather|SunnyDay|[upkeep]\n|-heal|p1a: Volcarona|67\/100|[from] item: Leftovers\n|upkeep\n|turn|20\n|\n|t:|1667577746\n|move|p1a: Volcarona|Fiery Dance|p2a: Toxapex\n|-resisted|p2a: Toxapex\n|-damage|p2a: Toxapex|45\/100\n|move|p2a: Toxapex|Knock Off|p1a: Volcarona\n|-crit|p1a: Volcarona\n|-end|p1a: Volcarona|Substitute\n|\n|-weather|none\n|-heal|p1a: Volcarona|73\/100|[from] item: Leftovers\n|upkeep\n|turn|21\n|\n|t:|1667577753\n|move|p1a: Volcarona|Substitute|p1a: Volcarona\n|-start|p1a: Volcarona|Substitute\n|-damage|p1a: Volcarona|49\/100\n|move|p2a: Toxapex|Recover|p2a: Toxapex\n|-heal|p2a: Toxapex|96\/100\n|\n|-heal|p1a: Volcarona|55\/100|[from] item: Leftovers\n|upkeep\n|turn|22\n|\n|t:|1667577757\n|move|p1a: Volcarona|Giga Drain|p2a: Toxapex\n|-damage|p2a: Toxapex|75\/100\n|-heal|p1a: Volcarona|65\/100|[from] drain|[of] p2a: Toxapex\n|move|p2a: Toxapex|Haze|p2a: Toxapex\n|-clearallboost\n|\n|-heal|p1a: Volcarona|71\/100|[from] item: Leftovers\n|upkeep\n|turn|23\n|\n|t:|1667577765\n|move|p1a: Volcarona|Quiver Dance|p1a: Volcarona\n|-boost|p1a: Volcarona|spa|1\n|-boost|p1a: Volcarona|spd|1\n|-boost|p1a: Volcarona|spe|1\n|move|p2a: Toxapex|Knock Off|p1a: Volcarona\n|-activate|p1a: Volcarona|move: Substitute|[damage]\n|\n|-heal|p1a: Volcarona|77\/100|[from] item: Leftovers\n|upkeep\n|turn|24\n|\n|t:|1667577768\n|move|p1a: Volcarona|Giga Drain|p2a: Toxapex\n|-damage|p2a: Toxapex|40\/100\n|-heal|p1a: Volcarona|94\/100|[from] drain|[of] p2a: Toxapex\n|move|p2a: Toxapex|Recover|p2a: Toxapex\n|-heal|p2a: Toxapex|90\/100\n|\n|-heal|p1a: Volcarona|100\/100|[from] item: Leftovers\n|upkeep\n|turn|25\n|inactive|socaselectah has 120 seconds left.\n|\n|t:|1667577783\n|switch|p1a: Blacephalon|Blacephalon|100\/100\n|move|p2a: Toxapex|Haze|p2a: Toxapex\n|-clearallboost\n|\n|upkeep\n|turn|26\n|\n|t:|1667577794\n|move|p1a: Blacephalon|Shadow Ball|p2a: Toxapex\n|-damage|p2a: Toxapex|45\/100\n|move|p2a: Toxapex|Recover|p2a: Toxapex\n|-heal|p2a: Toxapex|95\/100\n|\n|upkeep\n|turn|27\n|\n|t:|1667577798\n|move|p1a: Blacephalon|Psyshock|p2a: Toxapex\n|-supereffective|p2a: Toxapex\n|-damage|p2a: Toxapex|51\/100\n|move|p2a: Toxapex|Toxic|p1a: Blacephalon\n|-status|p1a: Blacephalon|tox\n|\n|-damage|p1a: Blacephalon|94\/100 tox|[from] psn\n|upkeep\n|turn|28\n|\n|t:|1667577803\n|move|p1a: Blacephalon|Shadow Ball|p2a: Toxapex\n|-damage|p2a: Toxapex|5\/100\n|move|p2a: Toxapex|Recover|p2a: Toxapex\n|-heal|p2a: Toxapex|56\/100\n|\n|-heal|p1a: Blacephalon|100\/100 tox|[from] item: Leftovers\n|-damage|p1a: Blacephalon|88\/100 tox|[from] psn\n|upkeep\n|turn|29\n|\n|t:|1667577806\n|move|p1a: Blacephalon|Shadow Ball|p2a: Toxapex\n|-damage|p2a: Toxapex|12\/100\n|move|p2a: Toxapex|Recover|p2a: Toxapex\n|-heal|p2a: Toxapex|62\/100\n|\n|-heal|p1a: Blacephalon|94\/100 tox|[from] item: Leftovers\n|-damage|p1a: Blacephalon|76\/100 tox|[from] psn\n|upkeep\n|turn|30\n|\n|t:|1667577810\n|move|p1a: Blacephalon|Shadow Ball|p2a: Toxapex\n|-damage|p2a: Toxapex|16\/100\n|move|p2a: Toxapex|Recover|p2a: Toxapex\n|-heal|p2a: Toxapex|66\/100\n|\n|-heal|p1a: Blacephalon|82\/100 tox|[from] item: Leftovers\n|-damage|p1a: Blacephalon|58\/100 tox|[from] psn\n|upkeep\n|turn|31\n|\n|t:|1667577813\n|switch|p1a: Rillaboom|Rillaboom, M|50\/100\n|-fieldstart|move: Grassy Terrain|[from] ability: Grassy Surge|[of] p1a: Rillaboom\n|switch|p2a: Weavile|Weavile, F|100\/100\n|-ability|p2a: Weavile|Pressure\n|\n|-heal|p1a: Rillaboom|56\/100|[from] Grassy Terrain\n|upkeep\n|turn|32\n|\n|t:|1667577819\n|switch|p2a: Clefable|Clefable, F|100\/100\n|move|p1a: Rillaboom|Grassy Glide|p2a: Clefable\n|-damage|p2a: Clefable|40\/100\n|\n|-heal|p2a: Clefable|46\/100|[from] Grassy Terrain\n|-heal|p1a: Rillaboom|62\/100|[from] Grassy Terrain\n|upkeep\n|turn|33\n|\n|t:|1667577821\n|move|p1a: Rillaboom|Grassy Glide|p2a: Clefable\n|-damage|p2a: Clefable|0 fnt\n|faint|p2a: Clefable\n|\n|-heal|p1a: Rillaboom|69\/100|[from] Grassy Terrain\n|upkeep\n|inactive|The Teal Scizor has 120 seconds left.\n|inactive|The Teal Scizor has 90 seconds left.\n|\n|t:|1667577910\n|switch|p2a: Tapu Lele|Tapu Lele|87\/100\n|-fieldstart|move: Psychic Terrain|[from] ability: Psychic Surge|[of] p2a: Tapu Lele\n|turn|34\n|\n|t:|1667577919\n|switch|p1a: Blacephalon|Blacephalon|58\/100 tox\n|move|p2a: Tapu Lele|Psychic|p1a: Blacephalon\n|-damage|p1a: Blacephalon|0 fnt\n|faint|p1a: Blacephalon\n|\n|upkeep\n|\n|t:|1667577924\n|switch|p1a: Volcarona|Volcarona, F|100\/100\n|turn|35\n|\n|t:|1667577931\n|switch|p2a: Toxapex|Toxapex, M|99\/100\n|switch|p1a: Mew|Mew|48\/100\n|\n|upkeep\n|turn|36\n|inactive|The Teal Scizor has 90 seconds left.\n|inactive|The Teal Scizor has 60 seconds left.\n|\n|t:|1667577994\n|switch|p2a: Tapu Lele|Tapu Lele|87\/100\n|move|p1a: Mew|Earth Power|p2a: Tapu Lele\n|-damage|p2a: Tapu Lele|53\/100\n|\n|upkeep\n|turn|37\n|\n|t:|1667578006\n|switch|p1a: Volcarona|Volcarona, F|100\/100\n|move|p2a: Tapu Lele|Future Sight|p1a: Volcarona\n|-start|p2a: Tapu Lele|move: Future Sight\n|\n|upkeep\n|turn|38\n|\n|t:|1667578011\n|switch|p2a: Toxapex|Toxapex, M|100\/100\n|move|p1a: Volcarona|Quiver Dance|p1a: Volcarona\n|-boost|p1a: Volcarona|spa|1\n|-boost|p1a: Volcarona|spd|1\n|-boost|p1a: Volcarona|spe|1\n|\n|-fieldend|move: Psychic Terrain\n|upkeep\n|turn|39\n|inactive|The Teal Scizor has 60 seconds left.\n|\n|t:|1667578019\n|move|p1a: Volcarona|Substitute|p1a: Volcarona\n|-start|p1a: Volcarona|Substitute\n|-damage|p1a: Volcarona|76\/100\n|move|p2a: Toxapex|Haze|p2a: Toxapex\n|-clearallboost\n|\n|-end|p1a: Volcarona|move: Future Sight\n|-end|p1a: Volcarona|Substitute\n|-heal|p1a: Volcarona|82\/100|[from] item: Leftovers\n|upkeep\n|turn|40\n|inactive|socaselectah has 120 seconds left.\n|inactive|socaselectah has 90 seconds left.\n|\n|t:|1667578107\n|switch|p1a: Mew|Mew|48\/100\n|move|p2a: Toxapex|Knock Off|p1a: Mew\n|-supereffective|p1a: Mew\n|-damage|p1a: Mew|20\/100\n|-enditem|p1a: Mew|Expert Belt|[from] move: Knock Off|[of] p2a: Toxapex\n|\n|upkeep\n|turn|41\n|c|\u2606socaselectah|gg\n|\n|t:|1667578124\n|move|p1a: Mew|Earth Power|p2a: Toxapex\n|-supereffective|p2a: Toxapex\n|-damage|p2a: Toxapex|56\/100\n|-unboost|p2a: Toxapex|spd|1\n|move|p2a: Toxapex|Toxic|p1a: Mew\n|-status|p1a: Mew|tox\n|-activate|p1a: Mew|ability: Synchronize\n|-immune|p2a: Toxapex\n|\n|-damage|p1a: Mew|14\/100 tox|[from] psn\n|upkeep\n|turn|42\n|inactive|The Teal Scizor has 60 seconds left.\n|inactive|The Teal Scizor has 30 seconds left.\n|inactive|The Teal Scizor has 20 seconds left.\n|\n|t:|1667578180\n|switch|p1a: Rillaboom|Rillaboom, M|69\/100\n|-fieldstart|move: Grassy Terrain|[from] ability: Grassy Surge|[of] p1a: Rillaboom\n|switch|p2a: Urshifu|Urshifu-Rapid-Strike, F|87\/100\n|\n|-heal|p2a: Urshifu|93\/100|[from] Grassy Terrain\n|-heal|p1a: Rillaboom|75\/100|[from] Grassy Terrain\n|upkeep\n|turn|43\n|inactive|The Teal Scizor has 30 seconds left this turn.\n|inactive|The Teal Scizor has 20 seconds left.\n|inactive|The Teal Scizor has 15 seconds left.\n|inactive|socaselectah has 60 seconds left.\n|\n|t:|1667578207\n|switch|p2a: Landorus|Landorus-Therian, M|86\/100\n|-ability|p2a: Landorus|Intimidate|boost\n|-unboost|p1a: Rillaboom|atk|1\n|move|p1a: Rillaboom|U-turn|p2a: Landorus\n|-resisted|p2a: Landorus\n|-damage|p2a: Landorus|76\/100\n|inactive|The Teal Scizor has 20 seconds left this turn.\n|\n|t:|1667578209\n|switch|p1a: Mew|Mew|14\/100 tox|[from]move: U-turn\n|\n|-heal|p1a: Mew|20\/100 tox|[from] Grassy Terrain\n|-damage|p1a: Mew|14\/100 tox|[from] psn\n|upkeep\n|turn|44\n|inactive|The Teal Scizor has 30 seconds left this turn.\n|\n|t:|1667578219\n|switch|p2a: Weavile|Weavile, F|100\/100\n|-ability|p2a: Weavile|Pressure\n|move|p1a: Mew|Ice Beam|p2a: Weavile\n|-resisted|p2a: Weavile\n|-damage|p2a: Weavile|81\/100\n|\n|-heal|p2a: Weavile|87\/100|[from] Grassy Terrain\n|-heal|p1a: Mew|20\/100 tox|[from] Grassy Terrain\n|-damage|p1a: Mew|8\/100 tox|[from] psn\n|upkeep\n|turn|45\n|inactive|The Teal Scizor has 30 seconds left.\n|inactive|The Teal Scizor has 20 seconds left.\n|\n|t:|1667578235\n|move|p2a: Weavile|Ice Shard|p1a: Mew\n|-damage|p1a: Mew|0 fnt\n|faint|p1a: Mew\n|\n|-heal|p2a: Weavile|93\/100|[from] Grassy Terrain\n|upkeep\n|inactive|The Teal Scizor has 25 seconds left this turn.\n|\n|t:|1667578238\n|switch|p1a: Volcarona|Volcarona, F|82\/100\n|turn|46\n|inactive|The Teal Scizor has 30 seconds left.\n|\n|t:|1667578245\n|move|p2a: Weavile|Knock Off|p1a: Volcarona\n|-damage|p1a: Volcarona|23\/100\n|-enditem|p1a: Volcarona|Leftovers|[from] move: Knock Off|[of] p2a: Weavile\n|move|p1a: Volcarona|Quiver Dance|p1a: Volcarona\n|-boost|p1a: Volcarona|spa|1\n|-boost|p1a: Volcarona|spd|1\n|-boost|p1a: Volcarona|spe|1\n|\n|-heal|p1a: Volcarona|29\/100|[from] Grassy Terrain\n|-heal|p2a: Weavile|99\/100|[from] Grassy Terrain\n|-fieldend|move: Grassy Terrain\n|upkeep\n|turn|47\n|inactive|The Teal Scizor has 30 seconds left.\n|inactive|The Teal Scizor has 20 seconds left.\n|\n|t:|1667578268\n|move|p1a: Volcarona|Giga Drain|p2a: Weavile\n|-damage|p2a: Weavile|42\/100\n|-heal|p1a: Volcarona|55\/100|[from] drain|[of] p2a: Weavile\n|move|p2a: Weavile|Knock Off|p1a: Volcarona\n|-damage|p1a: Volcarona|20\/100\n|\n|upkeep\n|turn|48\n|inactive|The Teal Scizor has 30 seconds left this turn.\n|inactive|socaselectah has 90 seconds left.\n|\n|t:|1667578284\n|move|p2a: Weavile|Ice Shard|p1a: Volcarona\n|-resisted|p1a: Volcarona\n|-damage|p1a: Volcarona|8\/100\n|move|p1a: Volcarona|Giga Drain|p2a: Weavile\n|-damage|p2a: Weavile|0 fnt\n|-heal|p1a: Volcarona|27\/100|[from] drain|[of] p2a: Weavile\n|faint|p2a: Weavile\n|\n|upkeep\n|inactive|The Teal Scizor has 30 seconds left this turn.\n|inactive|The Teal Scizor has 20 seconds left.\n|\n|t:|1667578295\n|switch|p2a: Urshifu|Urshifu-Rapid-Strike, F|93\/100\n|turn|49\n|inactive|The Teal Scizor has 30 seconds left this turn.\n|\n|t:|1667578298\n|switch|p1a: Rillaboom|Rillaboom, M|75\/100\n|-fieldstart|move: Grassy Terrain|[from] ability: Grassy Surge|[of] p1a: Rillaboom\n|move|p2a: Urshifu|Aqua Jet|p1a: Rillaboom\n|-resisted|p1a: Rillaboom\n|-damage|p1a: Rillaboom|66\/100\n|\n|-heal|p2a: Urshifu|99\/100|[from] Grassy Terrain\n|-heal|p1a: Rillaboom|72\/100|[from] Grassy Terrain\n|upkeep\n|turn|50\n|\n|t:|1667578305\n|switch|p2a: Landorus|Landorus-Therian, M|76\/100\n|-ability|p2a: Landorus|Intimidate|boost\n|-unboost|p1a: Rillaboom|atk|1\n|move|p1a: Rillaboom|Grassy Glide|p2a: Landorus\n|-damage|p2a: Landorus|36\/100\n|\n|-heal|p1a: Rillaboom|78\/100|[from] Grassy Terrain\n|upkeep\n|turn|51\n|\n|t:|1667578312\n|switch|p2a: Toxapex|Toxapex, M|89\/100\n|move|p1a: Rillaboom|Grassy Glide|p2a: Toxapex\n|-damage|p2a: Toxapex|69\/100\n|\n|-heal|p1a: Rillaboom|84\/100|[from] Grassy Terrain\n|-heal|p2a: Toxapex|75\/100|[from] Grassy Terrain\n|upkeep\n|turn|52\n|\n|t:|1667578316\n|switch|p1a: Volcarona|Volcarona, F|27\/100\n|move|p2a: Toxapex|Toxic|p1a: Volcarona\n|-status|p1a: Volcarona|tox\n|\n|-heal|p1a: Volcarona|33\/100 tox|[from] Grassy Terrain\n|-heal|p2a: Toxapex|81\/100|[from] Grassy Terrain\n|-damage|p1a: Volcarona|27\/100 tox|[from] psn\n|upkeep\n|turn|53\n|c|\u2606socaselectah|gg wp\n|\n|t:|1667578324\n|move|p1a: Volcarona|Giga Drain|p2a: Toxapex\n|-crit|p2a: Toxapex\n|-damage|p2a: Toxapex|39\/100\n|-heal|p1a: Volcarona|47\/100 tox|[from] drain|[of] p2a: Toxapex\n|move|p2a: Toxapex|Recover|p2a: Toxapex\n|-heal|p2a: Toxapex|90\/100\n|\n|-heal|p1a: Volcarona|53\/100 tox|[from] Grassy Terrain\n|-heal|p2a: Toxapex|96\/100|[from] Grassy Terrain\n|-damage|p1a: Volcarona|41\/100 tox|[from] psn\n|-fieldend|move: Grassy Terrain\n|upkeep\n|turn|54\n|c|\u2606The Teal Scizor|thanks\n|inactive|The Teal Scizor has 60 seconds left.\n|c|\u2606The Teal Scizor|u2\n|\n|t:|1667578336\n|switch|p1a: Rillaboom|Rillaboom, M|84\/100\n|-fieldstart|move: Grassy Terrain|[from] ability: Grassy Surge|[of] p1a: Rillaboom\n|move|p2a: Toxapex|Knock Off|p1a: Rillaboom\n|-damage|p1a: Rillaboom|75\/100\n|\n|-heal|p1a: Rillaboom|81\/100|[from] Grassy Terrain\n|-heal|p2a: Toxapex|100\/100|[from] Grassy Terrain\n|upkeep\n|turn|55\n|\n|t:|1667578341\n|switch|p1a: Volcarona|Volcarona, F|41\/100 tox\n|move|p2a: Toxapex|Toxic|p1a: Volcarona\n|-fail|p1a: Volcarona|tox\n|\n|-heal|p1a: Volcarona|47\/100 tox|[from] Grassy Terrain\n|-damage|p1a: Volcarona|41\/100 tox|[from] psn\n|upkeep\n|turn|56\n|\n|t:|1667578346\n|move|p1a: Volcarona|Quiver Dance|p1a: Volcarona\n|-boost|p1a: Volcarona|spa|1\n|-boost|p1a: Volcarona|spd|1\n|-boost|p1a: Volcarona|spe|1\n|move|p2a: Toxapex|Knock Off|p1a: Volcarona\n|-damage|p1a: Volcarona|29\/100 tox\n|\n|-heal|p1a: Volcarona|35\/100 tox|[from] Grassy Terrain\n|-damage|p1a: Volcarona|23\/100 tox|[from] psn\n|upkeep\n|turn|57\n|\n|t:|1667578350\n|move|p1a: Volcarona|Giga Drain|p2a: Toxapex\n|-damage|p2a: Toxapex|58\/100\n|-heal|p1a: Volcarona|44\/100 tox|[from] drain|[of] p2a: Toxapex\n|move|p2a: Toxapex|Haze|p2a: Toxapex\n|-clearallboost\n|\n|-heal|p1a: Volcarona|50\/100 tox|[from] Grassy Terrain\n|-heal|p2a: Toxapex|64\/100|[from] Grassy Terrain\n|-damage|p1a: Volcarona|31\/100 tox|[from] psn\n|upkeep\n|turn|58\n|inactive|The Teal Scizor has 90 seconds left.\n|\n|t:|1667578355\n|move|p1a: Volcarona|Giga Drain|p2a: Toxapex\n|-damage|p2a: Toxapex|34\/100\n|-heal|p1a: Volcarona|46\/100 tox|[from] drain|[of] p2a: Toxapex\n|move|p2a: Toxapex|Recover|p2a: Toxapex\n|-heal|p2a: Toxapex|84\/100\n|\n|-heal|p1a: Volcarona|52\/100 tox|[from] Grassy Terrain\n|-heal|p2a: Toxapex|90\/100|[from] Grassy Terrain\n|-damage|p1a: Volcarona|28\/100 tox|[from] psn\n|-fieldend|move: Grassy Terrain\n|upkeep\n|turn|59\n|\n|t:|1667578361\n|move|p1a: Volcarona|Giga Drain|p2a: Toxapex\n|-damage|p2a: Toxapex|67\/100\n|-heal|p1a: Volcarona|39\/100 tox|[from] drain|[of] p2a: Toxapex\n|move|p2a: Toxapex|Toxic|p1a: Volcarona\n|-fail|p1a: Volcarona|tox\n|\n|-damage|p1a: Volcarona|9\/100 tox|[from] psn\n|upkeep\n|turn|60\n|\n|t:|1667578367\n|move|p1a: Volcarona|Giga Drain|p2a: Toxapex\n|-damage|p2a: Toxapex|45\/100\n|-heal|p1a: Volcarona|19\/100 tox|[from] drain|[of] p2a: Toxapex\n|move|p2a: Toxapex|Toxic|p1a: Volcarona\n|-fail|p1a: Volcarona|tox\n|\n|-damage|p1a: Volcarona|0 fnt|[from] psn\n|faint|p1a: Volcarona\n|upkeep\n|\n|t:|1667578369\n|switch|p1a: Rillaboom|Rillaboom, M|81\/100\n|-fieldstart|move: Grassy Terrain|[from] ability: Grassy Surge|[of] p1a: Rillaboom\n|turn|61\n|\n|t:|1667578372\n|move|p1a: Rillaboom|Grassy Glide|p2a: Toxapex\n|-damage|p2a: Toxapex|15\/100\n|move|p2a: Toxapex|Toxic|p1a: Rillaboom\n|-status|p1a: Rillaboom|tox\n|\n|-heal|p1a: Rillaboom|87\/100 tox|[from] Grassy Terrain\n|-heal|p2a: Toxapex|21\/100|[from] Grassy Terrain\n|-damage|p1a: Rillaboom|81\/100 tox|[from] psn\n|upkeep\n|turn|62\n|-message|socaselectah forfeited.\n|\n|win|The Teal Scizor\n|raw|socaselectah's rating: 1685 &rarr; <strong>1664<\/strong><br \/>(-21 for losing)\n|raw|The Teal Scizor's rating: 1660 &rarr; <strong>1681<\/strong><br \/>(+21 for winning)\n|l|\u2606socaselectah\n||Ladder isn't responding, score probably updated but might not have (Request timeout).\n","uploadtime":1667578395,"views":9,"p1id":"socaselectah","p2id":"thetealscizor","formatid":"gen8ou","rating":1664,"private":0,"password":null}