{"id":"gen8ou-1162007556","p1":"gaijineagle","p2":"Laburel","format":"gen8ou","log":"|j|\u2606gaijineagle\n|j|\u2606Laburel\n|t:|1596382796\n|player|p1|gaijineagle|2|1170\n|player|p2|Laburel|clown|1208\n|teamsize|p1|6\n|teamsize|p2|6\n|gametype|singles\n|gen|8\n|tier|[Gen 8] OU\n|rated|\n|html|<div class=\"broadcast-blue\"><strong>OU is currently suspecting Magearna! For information on how to participate check out the <a href=\"https:\/\/www.smogon.com\/forums\/threads\/3667669\/\">suspect thread<\/a>.<\/strong><\/div>\n|clearpoke\n|poke|p1|Shuckle, M|\n|poke|p1|Urshifu-*, M|\n|poke|p1|Lycanroc-Dusk, F|\n|poke|p1|Alakazam, M|\n|poke|p1|Cinderace, M|\n|poke|p1|Dragapult, F|\n|poke|p2|Shedinja|\n|poke|p2|Shuckle, M|\n|poke|p2|Excadrill, M|\n|poke|p2|Gyarados, M|\n|poke|p2|Hatterene, F|\n|poke|p2|Rotom-Heat|\n|rule|Sleep Clause Mod: Limit one foe put to sleep\n|rule|Species Clause: Limit one of each Pok\u00e9mon\n|rule|OHKO Clause: OHKO moves are banned\n|rule|Evasion Moves Clause: Evasion moves are banned\n|rule|Endless Battle Clause: Forcing endless battles is banned\n|rule|HP Percentage Mod: HP is shown in percentages\n|rule|Dynamax Clause: You cannot dynamax\n|teampreview\n|inactive|Battle timer is ON: inactive players will automatically lose when time's up. (requested by gaijineagle)\n|\n|t:|1596382826\n|start\n|switch|p1a: Shuckle|Shuckle, M|100\/100\n|switch|p2a: Poseur|Shuckle, M|100\/100\n|turn|1\n|\n|t:|1596382836\n|switch|p2a: Geraldine|Hatterene, F|100\/100\n|move|p1a: Shuckle|Encore|p2a: Geraldine\n|move|p2a: Geraldine|Encore||[from]Magic Bounce|[still]\n|-fail|p2a: Geraldine\n|\n|upkeep\n|turn|2\n|inactive|gaijineagle has 120 seconds left.\n|\n|t:|1596382876\n|switch|p1a: Cinderace|Cinderace, M|100\/100\n|move|p2a: Geraldine|Dazzling Gleam|p1a: Cinderace\n|-resisted|p1a: Cinderace\n|-damage|p1a: Cinderace|70\/100\n|\n|upkeep\n|turn|3\n|\n|t:|1596382882\n|switch|p2a: Poseur|Shuckle, M|100\/100\n|move|p1a: Cinderace|Pyro Ball|p2a: Poseur\n|-damage|p2a: Poseur|63\/100\n|-status|p2a: Poseur|brn\n|-enditem|p2a: Poseur|Red Card|[of] p1a: Cinderace\n|drag|p1a: Lycanroc|Lycanroc-Dusk, F|100\/100\n|\n|-damage|p2a: Poseur|57\/100 brn|[from] brn\n|upkeep\n|turn|4\n|inactive|gaijineagle has 120 seconds left.\n|\n|t:|1596382902\n|move|p1a: Lycanroc|Accelerock|p2a: Poseur\n|-supereffective|p2a: Poseur\n|-damage|p2a: Poseur|18\/100 brn\n|-damage|p1a: Lycanroc|91\/100|[from] item: Life Orb\n|move|p2a: Poseur|Sticky Web|p1a: Lycanroc\n|-sidestart|p1: gaijineagle|move: Sticky Web\n|\n|-damage|p2a: Poseur|12\/100 brn|[from] brn\n|upkeep\n|turn|5\n|inactive|gaijineagle has 120 seconds left.\n|\n|t:|1596382920\n|move|p1a: Lycanroc|Accelerock|p2a: Poseur\n|-supereffective|p2a: Poseur\n|-damage|p2a: Poseur|0 fnt\n|-damage|p1a: Lycanroc|81\/100|[from] item: Life Orb\n|faint|p2a: Poseur\n|\n|upkeep\n|\n|t:|1596382928\n|switch|p2a: Larry|Excadrill, M|100\/100\n|-ability|p2a: Larry|Mold Breaker\n|turn|6\n|inactive|gaijineagle has 120 seconds left.\n|\n|t:|1596382957\n|switch|p1a: Shuckle|Shuckle, M|100\/100\n|-activate|p1a: Shuckle|move: Sticky Web\n|-unboost|p1a: Shuckle|spe|1\n|move|p2a: Larry|Earthquake|p1a: Shuckle\n|-damage|p1a: Shuckle|66\/100\n|\n|upkeep\n|turn|7\n|\n|t:|1596382965\n|switch|p2a: Geraldine|Hatterene, F|100\/100\n|move|p1a: Shuckle|Sticky Web|p2a: Geraldine\n|move|p2a: Geraldine|Sticky Web||[from]Magic Bounce|[still]\n|-fail|p2a: Geraldine\n|\n|upkeep\n|turn|8\n|\n|t:|1596382974\n|move|p2a: Geraldine|Psychic|p1a: Shuckle\n|-damage|p1a: Shuckle|36\/100\n|move|p1a: Shuckle|Final Gambit|p2a: Geraldine\n|-damage|p2a: Geraldine|73\/100\n|faint|p1a: Shuckle\n|\n|upkeep\n|inactive|gaijineagle has 120 seconds left.\n|\n|t:|1596382987\n|switch|p1a: Dragapult|Dragapult, F|100\/100\n|-activate|p1a: Dragapult|move: Sticky Web\n|-fail|p1a: Dragapult|unboost|[from] ability: Clear Body|[of] p1a: Dragapult\n|turn|9\n|\n|t:|1596382989\n|move|p1a: Dragapult|Phantom Force||[still]\n|-prepare|p1a: Dragapult|Phantom Force\n|move|p2a: Geraldine|Dazzling Gleam|p1a: Dragapult|[miss]\n|-miss|p2a: Geraldine|p1a: Dragapult\n|\n|upkeep\n|turn|10\n|\n|t:|1596382994\n|move|p1a: Dragapult|Phantom Force|p2a: Geraldine|[from]lockedmove\n|-supereffective|p2a: Geraldine\n|-damage|p2a: Geraldine|0 fnt\n|-damage|p1a: Dragapult|91\/100|[from] item: Life Orb\n|faint|p2a: Geraldine\n|\n|upkeep\n|\n|t:|1596382999\n|switch|p2a: Roger|Gyarados, M|100\/100\n|turn|11\n|\n|t:|1596383009\n|move|p1a: Dragapult|Dragon Darts|p2a: Roger\n|-damage|p2a: Roger|54\/100\n|-anim|p1a: Dragapult|Dragon Darts|p2a: Roger\n|-damage|p2a: Roger|7\/100\n|-damage|p1a: Dragapult|81\/100|[from] item: Life Orb\n|move|p2a: Roger|Dragon Dance|p2a: Roger\n|-boost|p2a: Roger|atk|1\n|-boost|p2a: Roger|spe|1\n|\n|upkeep\n|turn|12\n|\n|t:|1596383015\n|move|p2a: Roger|Ice Fang|p1a: Dragapult\n|-supereffective|p1a: Dragapult\n|-damage|p1a: Dragapult|0 fnt\n|-damage|p2a: Roger|0 fnt|[from] item: Life Orb\n|faint|p1a: Dragapult\n|faint|p2a: Roger\n|\n|upkeep\n|inactive|gaijineagle has 120 seconds left.\n|\n|t:|1596383065\n|switch|p1a: Urshifu|Urshifu, M|100\/100\n|switch|p2a: Larry|Excadrill, M|100\/100\n|-activate|p1a: Urshifu|move: Sticky Web\n|-unboost|p1a: Urshifu|spe|1\n|-ability|p2a: Larry|Mold Breaker\n|turn|13\n|\n|t:|1596383070\n|move|p2a: Larry|Earthquake|p1a: Urshifu\n|-damage|p1a: Urshifu|48\/100\n|move|p1a: Urshifu|Wicked Blow|p2a: Larry\n|-crit|p2a: Larry\n|-damage|p2a: Larry|0 fnt\n|-damage|p1a: Urshifu|38\/100|[from] item: Life Orb\n|faint|p2a: Larry\n|\n|upkeep\n|\n|t:|1596383075\n|switch|p2a: Helmut|Rotom-Heat|100\/100\n|turn|14\n|inactive|gaijineagle has 120 seconds left.\n|\n|t:|1596383098\n|switch|p1a: Lycanroc|Lycanroc-Dusk, F|81\/100\n|-activate|p1a: Lycanroc|move: Sticky Web\n|-unboost|p1a: Lycanroc|spe|1\n|move|p2a: Helmut|Thunderbolt|p1a: Lycanroc\n|-damage|p1a: Lycanroc|13\/100\n|\n|upkeep\n|turn|15\n|\n|t:|1596383105\n|move|p1a: Lycanroc|Accelerock|p2a: Helmut\n|-supereffective|p2a: Helmut\n|-crit|p2a: Helmut\n|-damage|p2a: Helmut|0 fnt\n|-damage|p1a: Lycanroc|3\/100|[from] item: Life Orb\n|faint|p2a: Helmut\n|\n|upkeep\n|\n|t:|1596383108\n|switch|p2a: Taha|Shedinja|100\/100\n|turn|16\n|inactive|gaijineagle has 120 seconds left.\n|\n|t:|1596383120\n|move|p1a: Lycanroc|Accelerock|p2a: Taha\n|-supereffective|p2a: Taha\n|-damage|p2a: Taha|0 fnt\n|-damage|p1a: Lycanroc|0 fnt|[from] item: Life Orb\n|faint|p2a: Taha\n|faint|p1a: Lycanroc\n|\n|win|gaijineagle\n|l|\u2606Laburel\n|c|\u2606gaijineagle|gg\n|raw|gaijineagle's rating: 1170 &rarr; <strong>1198<\/strong><br \/>(+28 for winning)\n|raw|Laburel's rating: 1208 &rarr; <strong>1180<\/strong><br \/>(-28 for losing)\n","uploadtime":1596383131,"views":16,"p1id":"gaijineagle","p2id":"laburel","formatid":"gen8ou","rating":1180,"private":0,"password":null}