{"id":"gen8ou-1704289079","p1":"Steez Ibanez","p2":"Sol3N3ro \u592a\u967d","format":"gen8ou","log":"|j|\u2606Steez Ibanez\n|j|\u2606Sol3N3ro \u592a\u967d\n|inactive|Battle timer is ON: inactive players will automatically lose when time's up.\n|t:|1667761755\n|gametype|singles\n|player|p1|Steez Ibanez|acetrainer-gen7|\n|player|p2|Sol3N3ro \u592a\u967d|calem|\n|teamsize|p1|6\n|teamsize|p2|6\n|gen|8\n|tier|[Gen 8] OU\n|rated|Tournament battle\n|rule|Sleep Clause Mod: Limit one foe put to sleep\n|rule|Species Clause: Limit one of each Pok\u00e9mon\n|rule|OHKO Clause: OHKO moves are banned\n|rule|Evasion Items Clause: Evasion items are banned\n|rule|Evasion Moves Clause: Evasion moves are banned\n|rule|Endless Battle Clause: Forcing endless battles is banned\n|rule|HP Percentage Mod: HP is shown in percentages\n|rule|Dynamax Clause: You cannot dynamax\n|clearpoke\n|poke|p1|Aegislash, M|\n|poke|p1|Hydreigon, M|\n|poke|p1|Slowbro, M|\n|poke|p1|Hippowdon, M|\n|poke|p1|Zapdos|\n|poke|p1|Ferrothorn, M|\n|poke|p2|Jirachi|\n|poke|p2|Skarmory, F|\n|poke|p2|Clefable, F|\n|poke|p2|Gastrodon, M|\n|poke|p2|Toxapex, M|\n|poke|p2|Hydreigon, F|\n|teampreview\n|inactive|Steez Ibanez also wants the timer to be on.\n|j| BLOATED_BAGEL\n|j| cypherstest\n|c|\u2606Steez Ibanez|Ew\n|c|\u2606Steez Ibanez|Hf\n|inactive|Sol3N3ro \u592a\u967d has 120 seconds left.\n|j| IExistYouDont\n|c| IExistYouDont|Sol3N3ro rachi stall?\n|j| Aftx\n|j| Xsage93\n|\n|t:|1667761810\n|start\n|switch|p1a: Pumba|Hippowdon, M|100\/100\n|switch|p2a: Jirachi|Jirachi|100\/100\n|-weather|Sandstorm|[from] ability: Sand Stream|[of] p1a: Pumba\n|turn|1\n|j| lowelofunn\n|j|@SetsuStsna\n|\n|t:|1667761817\n|switch|p2a: Skarmory|Skarmory, F|100\/100\n|move|p1a: Pumba|Earthquake|p2a: Skarmory\n|-immune|p2a: Skarmory\n|\n|-weather|Sandstorm|[upkeep]\n|upkeep\n|turn|2\n|\n|t:|1667761820\n|move|p2a: Skarmory|Stealth Rock|p1a: Pumba\n|-sidestart|p1: Steez Ibanez|move: Stealth Rock\n|move|p1a: Pumba|Stealth Rock|p2a: Skarmory\n|-sidestart|p2: Sol3N3ro \u592a\u967d|move: Stealth Rock\n|\n|-weather|Sandstorm|[upkeep]\n|upkeep\n|turn|3\n|\n|t:|1667761825\n|switch|p1a: Abomination|Ferrothorn, M|100\/100\n|-damage|p1a: Abomination|95\/100|[from] Stealth Rock\n|move|p2a: Skarmory|Defog|p1a: Abomination\n|-unboost|p1a: Abomination|evasion|1\n|-sideend|p1: Steez Ibanez|Stealth Rock|[from] move: Defog|[of] p2a: Skarmory\n|-sideend|p2: Sol3N3ro \u592a\u967d|Stealth Rock|[from] move: Defog|[of] p2a: Skarmory\n|\n|-weather|Sandstorm|[upkeep]\n|upkeep\n|turn|4\n|\n|t:|1667761828\n|move|p2a: Skarmory|Body Press|p1a: Abomination\n|-supereffective|p1a: Abomination\n|-damage|p1a: Abomination|53\/100\n|-damage|p2a: Skarmory|88\/100|[from] ability: Iron Barbs|[of] p1a: Abomination\n|-damage|p2a: Skarmory|72\/100|[from] item: Rocky Helmet|[of] p1a: Abomination\n|move|p1a: Abomination|Leech Seed|p2a: Skarmory\n|-start|p2a: Skarmory|move: Leech Seed\n|\n|-weather|Sandstorm|[upkeep]\n|-damage|p2a: Skarmory|59\/100|[from] Leech Seed|[of] p1a: Abomination\n|-heal|p1a: Abomination|65\/100|[silent]\n|upkeep\n|turn|5\n|\n|t:|1667761832\n|switch|p2a: Hydreigon|Hydreigon, F|100\/100\n|move|p1a: Abomination|Spikes|p2a: Hydreigon\n|-sidestart|p2: Sol3N3ro \u592a\u967d|Spikes\n|\n|-weather|none\n|upkeep\n|turn|6\n|\n|t:|1667761836\n|switch|p1a: Pumba|Hippowdon, M|100\/100\n|-weather|Sandstorm|[from] ability: Sand Stream|[of] p1a: Pumba\n|move|p2a: Hydreigon|Defog|p1a: Pumba\n|-unboost|p1a: Pumba|evasion|1\n|-sideend|p2: Sol3N3ro \u592a\u967d|Spikes|[from] move: Defog|[of] p2a: Hydreigon\n|\n|-weather|Sandstorm|[upkeep]\n|-damage|p2a: Hydreigon|94\/100|[from] Sandstorm\n|-heal|p2a: Hydreigon|100\/100|[from] item: Leftovers\n|upkeep\n|turn|7\n|\n|t:|1667761840\n|switch|p2a: Skarmory|Skarmory, F|59\/100\n|move|p1a: Pumba|Stealth Rock|p2a: Skarmory\n|-sidestart|p2: Sol3N3ro \u592a\u967d|move: Stealth Rock\n|\n|-weather|Sandstorm|[upkeep]\n|upkeep\n|turn|8\n|j| uchira\n|\n|t:|1667761842\n|move|p2a: Skarmory|Defog|p1a: Pumba\n|-unboost|p1a: Pumba|evasion|1\n|-sideend|p2: Sol3N3ro \u592a\u967d|Stealth Rock|[from] move: Defog|[of] p2a: Skarmory\n|move|p1a: Pumba|Earthquake|p2a: Skarmory\n|-immune|p2a: Skarmory\n|\n|-weather|Sandstorm|[upkeep]\n|upkeep\n|turn|9\n|\n|t:|1667761845\n|move|p2a: Skarmory|Stealth Rock|p1a: Pumba\n|-sidestart|p1: Steez Ibanez|move: Stealth Rock\n|move|p1a: Pumba|Stealth Rock|p2a: Skarmory\n|-sidestart|p2: Sol3N3ro \u592a\u967d|move: Stealth Rock\n|\n|-weather|Sandstorm|[upkeep]\n|upkeep\n|turn|10\n|\n|t:|1667761848\n|move|p2a: Skarmory|Roost|p2a: Skarmory\n|-heal|p2a: Skarmory|100\/100\n|-singleturn|p2a: Skarmory|move: Roost\n|move|p1a: Pumba|Earthquake|p2a: Skarmory\n|-supereffective|p2a: Skarmory\n|-damage|p2a: Skarmory|57\/100\n|\n|-weather|none\n|upkeep\n|turn|11\n|\n|t:|1667761853\n|switch|p1a: Abomination|Ferrothorn, M|65\/100\n|-damage|p1a: Abomination|59\/100|[from] Stealth Rock\n|move|p2a: Skarmory|Defog|p1a: Abomination\n|-unboost|p1a: Abomination|evasion|1\n|-sideend|p1: Steez Ibanez|Stealth Rock|[from] move: Defog|[of] p2a: Skarmory\n|-sideend|p2: Sol3N3ro \u592a\u967d|Stealth Rock|[from] move: Defog|[of] p2a: Skarmory\n|\n|upkeep\n|turn|12\n|\n|t:|1667761855\n|move|p2a: Skarmory|Body Press|p1a: Abomination\n|-supereffective|p1a: Abomination\n|-crit|p1a: Abomination\n|-damage|p1a: Abomination|1\/100\n|-damage|p2a: Skarmory|45\/100|[from] ability: Iron Barbs|[of] p1a: Abomination\n|-damage|p2a: Skarmory|29\/100|[from] item: Rocky Helmet|[of] p1a: Abomination\n|move|p1a: Abomination|Leech Seed|p2a: Skarmory\n|-start|p2a: Skarmory|move: Leech Seed\n|\n|-damage|p2a: Skarmory|16\/100|[from] Leech Seed|[of] p1a: Abomination\n|-heal|p1a: Abomination|13\/100|[silent]\n|upkeep\n|turn|13\n|\n|t:|1667761859\n|move|p2a: Skarmory|Roost|p2a: Skarmory\n|-heal|p2a: Skarmory|66\/100\n|-singleturn|p2a: Skarmory|move: Roost\n|move|p1a: Abomination|Spikes|p2a: Skarmory\n|-sidestart|p2: Sol3N3ro \u592a\u967d|Spikes\n|\n|-damage|p2a: Skarmory|54\/100|[from] Leech Seed|[of] p1a: Abomination\n|-heal|p1a: Abomination|24\/100|[silent]\n|upkeep\n|turn|14\n|\n|t:|1667761863\n|switch|p1a: Bolt|Zapdos|100\/100\n|move|p2a: Skarmory|Roost|p2a: Skarmory\n|-heal|p2a: Skarmory|100\/100\n|-singleturn|p2a: Skarmory|move: Roost\n|\n|-damage|p2a: Skarmory|88\/100|[from] Leech Seed|[of] p1a: Bolt\n|upkeep\n|turn|15\n|\n|t:|1667761870\n|switch|p1a: Hades|Hydreigon, M|100\/100\n|switch|p2a: Jirachi|Jirachi|100\/100\n|-damage|p2a: Jirachi|88\/100|[from] Spikes\n|\n|-heal|p2a: Jirachi|94\/100|[from] item: Leftovers\n|upkeep\n|turn|16\n|\n|t:|1667761874\n|switch|p1a: Abomination|Ferrothorn, M|24\/100\n|move|p2a: Jirachi|Protect||[still]\n|-fail|p2a: Jirachi\n|\n|-heal|p2a: Jirachi|100\/100|[from] item: Leftovers\n|upkeep\n|turn|17\n|\n|t:|1667761882\n|switch|p2a: Skarmory|Skarmory, F|88\/100\n|move|p1a: Abomination|Leech Seed|p2a: Skarmory\n|-start|p2a: Skarmory|move: Leech Seed\n|\n|-damage|p2a: Skarmory|76\/100|[from] Leech Seed|[of] p1a: Abomination\n|-heal|p1a: Abomination|36\/100|[silent]\n|upkeep\n|turn|18\n|\n|t:|1667761888\n|move|p2a: Skarmory|Defog|p1a: Abomination\n|-unboost|p1a: Abomination|evasion|1\n|-sideend|p2: Sol3N3ro \u592a\u967d|Spikes|[from] move: Defog|[of] p2a: Skarmory\n|move|p1a: Abomination|Spikes|p2a: Skarmory\n|-sidestart|p2: Sol3N3ro \u592a\u967d|Spikes\n|\n|-damage|p2a: Skarmory|64\/100|[from] Leech Seed|[of] p1a: Abomination\n|-heal|p1a: Abomination|48\/100|[silent]\n|upkeep\n|turn|19\n|\n|t:|1667761891\n|move|p2a: Skarmory|Body Press|p1a: Abomination\n|-supereffective|p1a: Abomination\n|-damage|p1a: Abomination|13\/100\n|-damage|p2a: Skarmory|51\/100|[from] ability: Iron Barbs|[of] p1a: Abomination\n|-damage|p2a: Skarmory|35\/100|[from] item: Rocky Helmet|[of] p1a: Abomination\n|move|p1a: Abomination|Spikes|p2a: Skarmory\n|-sidestart|p2: Sol3N3ro \u592a\u967d|Spikes\n|\n|-damage|p2a: Skarmory|23\/100|[from] Leech Seed|[of] p1a: Abomination\n|-heal|p1a: Abomination|25\/100|[silent]\n|upkeep\n|turn|20\n|\n|t:|1667761895\n|move|p2a: Skarmory|Roost|p2a: Skarmory\n|-heal|p2a: Skarmory|73\/100\n|-singleturn|p2a: Skarmory|move: Roost\n|move|p1a: Abomination|Spikes|p2a: Skarmory\n|-sidestart|p2: Sol3N3ro \u592a\u967d|Spikes\n|\n|-damage|p2a: Skarmory|60\/100|[from] Leech Seed|[of] p1a: Abomination\n|-heal|p1a: Abomination|36\/100|[silent]\n|upkeep\n|turn|21\n|\n|t:|1667761898\n|move|p2a: Skarmory|Defog|p1a: Abomination\n|-unboost|p1a: Abomination|evasion|1\n|-sideend|p2: Sol3N3ro \u592a\u967d|Spikes|[from] move: Defog|[of] p2a: Skarmory\n|move|p1a: Abomination|Spikes|p2a: Skarmory\n|-sidestart|p2: Sol3N3ro \u592a\u967d|Spikes\n|\n|-damage|p2a: Skarmory|48\/100|[from] Leech Seed|[of] p1a: Abomination\n|-heal|p1a: Abomination|48\/100|[silent]\n|upkeep\n|turn|22\n|\n|t:|1667761902\n|move|p2a: Skarmory|Roost|p2a: Skarmory\n|-heal|p2a: Skarmory|98\/100\n|-singleturn|p2a: Skarmory|move: Roost\n|move|p1a: Abomination|Spikes|p2a: Skarmory\n|-sidestart|p2: Sol3N3ro \u592a\u967d|Spikes\n|\n|-damage|p2a: Skarmory|86\/100|[from] Leech Seed|[of] p1a: Abomination\n|-heal|p1a: Abomination|60\/100|[silent]\n|upkeep\n|turn|23\n|\n|t:|1667761904\n|switch|p2a: Hydreigon|Hydreigon, F|100\/100\n|move|p1a: Abomination|Spikes|p2a: Hydreigon\n|-sidestart|p2: Sol3N3ro \u592a\u967d|Spikes\n|\n|upkeep\n|turn|24\n|\n|t:|1667761906\n|move|p2a: Hydreigon|Defog|p1a: Abomination\n|-unboost|p1a: Abomination|evasion|1\n|-sideend|p2: Sol3N3ro \u592a\u967d|Spikes|[from] move: Defog|[of] p2a: Hydreigon\n|move|p1a: Abomination|Knock Off|p2a: Hydreigon\n|-resisted|p2a: Hydreigon\n|-damage|p2a: Hydreigon|88\/100\n|-enditem|p2a: Hydreigon|Leftovers|[from] move: Knock Off|[of] p1a: Abomination\n|\n|upkeep\n|turn|25\n|\n|t:|1667761908\n|switch|p1a: Pumba|Hippowdon, M|100\/100\n|-weather|Sandstorm|[from] ability: Sand Stream|[of] p1a: Pumba\n|move|p2a: Hydreigon|Flamethrower|p1a: Pumba\n|-crit|p1a: Pumba\n|-damage|p1a: Pumba|60\/100\n|\n|-weather|Sandstorm|[upkeep]\n|-damage|p2a: Hydreigon|82\/100|[from] Sandstorm\n|-heal|p1a: Pumba|66\/100|[from] item: Leftovers\n|upkeep\n|turn|26\n|\n|t:|1667761910\n|switch|p2a: Skarmory|Skarmory, F|86\/100\n|move|p1a: Pumba|Stealth Rock|p2a: Skarmory\n|-sidestart|p2: Sol3N3ro \u592a\u967d|move: Stealth Rock\n|\n|-weather|Sandstorm|[upkeep]\n|-heal|p1a: Pumba|73\/100|[from] item: Leftovers\n|upkeep\n|turn|27\n|\n|t:|1667761915\n|switch|p1a: Abomination|Ferrothorn, M|60\/100\n|move|p2a: Skarmory|Defog|p1a: Abomination\n|-unboost|p1a: Abomination|evasion|1\n|-sideend|p2: Sol3N3ro \u592a\u967d|Stealth Rock|[from] move: Defog|[of] p2a: Skarmory\n|\n|-weather|Sandstorm|[upkeep]\n|upkeep\n|turn|28\n|\n|t:|1667761917\n|move|p2a: Skarmory|Body Press|p1a: Abomination\n|-supereffective|p1a: Abomination\n|-damage|p1a: Abomination|25\/100\n|-damage|p2a: Skarmory|74\/100|[from] ability: Iron Barbs|[of] p1a: Abomination\n|-damage|p2a: Skarmory|57\/100|[from] item: Rocky Helmet|[of] p1a: Abomination\n|move|p1a: Abomination|Leech Seed|p2a: Skarmory\n|-start|p2a: Skarmory|move: Leech Seed\n|\n|-weather|Sandstorm|[upkeep]\n|-damage|p2a: Skarmory|45\/100|[from] Leech Seed|[of] p1a: Abomination\n|-heal|p1a: Abomination|37\/100|[silent]\n|upkeep\n|turn|29\n|\n|t:|1667761921\n|switch|p2a: Hydreigon|Hydreigon, F|82\/100\n|move|p1a: Abomination|Spikes|p2a: Hydreigon\n|-sidestart|p2: Sol3N3ro \u592a\u967d|Spikes\n|\n|-weather|none\n|upkeep\n|turn|30\n|\n|t:|1667761925\n|switch|p1a: Pumba|Hippowdon, M|73\/100\n|-weather|Sandstorm|[from] ability: Sand Stream|[of] p1a: Pumba\n|move|p2a: Hydreigon|Defog|p1a: Pumba\n|-unboost|p1a: Pumba|evasion|1\n|-sideend|p2: Sol3N3ro \u592a\u967d|Spikes|[from] move: Defog|[of] p2a: Hydreigon\n|\n|-weather|Sandstorm|[upkeep]\n|-damage|p2a: Hydreigon|76\/100|[from] Sandstorm\n|-heal|p1a: Pumba|79\/100|[from] item: Leftovers\n|upkeep\n|turn|31\n|\n|t:|1667761928\n|switch|p2a: Skarmory|Skarmory, F|45\/100\n|move|p1a: Pumba|Stealth Rock|p2a: Skarmory\n|-sidestart|p2: Sol3N3ro \u592a\u967d|move: Stealth Rock\n|\n|-weather|Sandstorm|[upkeep]\n|-heal|p1a: Pumba|85\/100|[from] item: Leftovers\n|upkeep\n|turn|32\n|\n|t:|1667761933\n|switch|p1a: Slowbruh|Slowbro, M|100\/100\n|move|p2a: Skarmory|Defog|p1a: Slowbruh\n|-unboost|p1a: Slowbruh|evasion|1\n|-sideend|p2: Sol3N3ro \u592a\u967d|Stealth Rock|[from] move: Defog|[of] p2a: Skarmory\n|\n|-weather|Sandstorm|[upkeep]\n|-damage|p1a: Slowbruh|94\/100|[from] Sandstorm\n|upkeep\n|turn|33\n|j| SUSkirt77\n|\n|t:|1667761939\n|switch|p2a: Jirachi|Jirachi|100\/100\n|move|p1a: Slowbruh|Teleport|p1a: Slowbruh\n|l| IExistYouDont\n|\n|t:|1667761942\n|switch|p1a: Hades|Hydreigon, M|100\/100|[from]move: Teleport\n|\n|-weather|Sandstorm|[upkeep]\n|-damage|p1a: Hades|94\/100|[from] Sandstorm\n|-heal|p1a: Hades|100\/100|[from] item: Leftovers\n|upkeep\n|turn|34\n|\n|t:|1667761947\n|move|p2a: Jirachi|Protect|p2a: Jirachi\n|-singleturn|p2a: Jirachi|Protect\n|move|p1a: Hades|Substitute|p1a: Hades\n|-start|p1a: Hades|Substitute\n|-damage|p1a: Hades|76\/100\n|\n|-weather|none\n|-heal|p1a: Hades|82\/100|[from] item: Leftovers\n|upkeep\n|turn|35\n|\n|t:|1667761951\n|switch|p2a: Clefable|Clefable, F|100\/100\n|move|p1a: Hades|Dark Pulse|p2a: Clefable\n|-resisted|p2a: Clefable\n|-damage|p2a: Clefable|82\/100\n|\n|-heal|p1a: Hades|88\/100|[from] item: Leftovers\n|-heal|p2a: Clefable|88\/100|[from] item: Leftovers\n|upkeep\n|turn|36\n|\n|t:|1667761956\n|move|p1a: Hades|Flash Cannon|p2a: Clefable\n|-supereffective|p2a: Clefable\n|-damage|p2a: Clefable|36\/100\n|-unboost|p2a: Clefable|spd|1\n|move|p2a: Clefable|Moonblast|p1a: Hades\n|-supereffective|p1a: Hades\n|-end|p1a: Hades|Substitute\n|\n|-heal|p1a: Hades|94\/100|[from] item: Leftovers\n|-heal|p2a: Clefable|42\/100|[from] item: Leftovers\n|upkeep\n|turn|37\n|\n|t:|1667761967\n|move|p1a: Hades|Substitute|p1a: Hades\n|-start|p1a: Hades|Substitute\n|-damage|p1a: Hades|69\/100\n|move|p2a: Clefable|Moonblast|p1a: Hades\n|-supereffective|p1a: Hades\n|-end|p1a: Hades|Substitute\n|\n|-heal|p1a: Hades|75\/100|[from] item: Leftovers\n|-heal|p2a: Clefable|48\/100|[from] item: Leftovers\n|upkeep\n|turn|38\n|j| AikonZ_Test\n|\n|t:|1667761979\n|switch|p2a: Hydreigon|Hydreigon, F|76\/100\n|move|p1a: Hades|Substitute|p1a: Hades\n|-start|p1a: Hades|Substitute\n|-damage|p1a: Hades|50\/100\n|\n|-heal|p1a: Hades|57\/100|[from] item: Leftovers\n|upkeep\n|turn|39\n|l| AikonZ_Test\n|\n|t:|1667761983\n|move|p1a: Hades|Nasty Plot|p1a: Hades\n|-boost|p1a: Hades|spa|2\n|move|p2a: Hydreigon|Flamethrower|p1a: Hades\n|-resisted|p1a: Hades\n|-activate|p1a: Hades|move: Substitute|[damage]\n|\n|-heal|p1a: Hades|63\/100|[from] item: Leftovers\n|upkeep\n|turn|40\n|l| SUSkirt77\n|\n|t:|1667761991\n|switch|p2a: Clefable|Clefable, F|48\/100\n|move|p1a: Hades|Flash Cannon|p2a: Clefable\n|-supereffective|p2a: Clefable\n|-damage|p2a: Clefable|0 fnt\n|faint|p2a: Clefable\n|\n|-heal|p1a: Hades|69\/100|[from] item: Leftovers\n|upkeep\n|\n|t:|1667761996\n|switch|p2a: Gastrodon|Gastrodon, M|100\/100\n|turn|41\n|\n|t:|1667761998\n|move|p1a: Hades|Dark Pulse|p2a: Gastrodon\n|-damage|p2a: Gastrodon|52\/100\n|move|p2a: Gastrodon|Scald|p1a: Hades\n|-resisted|p1a: Hades\n|-end|p1a: Hades|Substitute\n|\n|-heal|p1a: Hades|75\/100|[from] item: Leftovers\n|-heal|p2a: Gastrodon|58\/100|[from] item: Leftovers\n|upkeep\n|turn|42\n|\n|t:|1667762001\n|move|p1a: Hades|Substitute|p1a: Hades\n|-start|p1a: Hades|Substitute\n|-damage|p1a: Hades|50\/100\n|move|p2a: Gastrodon|Recover|p2a: Gastrodon\n|-heal|p2a: Gastrodon|100\/100\n|\n|-heal|p1a: Hades|56\/100|[from] item: Leftovers\n|upkeep\n|turn|43\n|\n|t:|1667762002\n|move|p1a: Hades|Nasty Plot|p1a: Hades\n|-boost|p1a: Hades|spa|2\n|move|p2a: Gastrodon|Scald|p1a: Hades\n|-resisted|p1a: Hades\n|-activate|p1a: Hades|move: Substitute|[damage]\n|\n|-heal|p1a: Hades|62\/100|[from] item: Leftovers\n|upkeep\n|turn|44\n|\n|t:|1667762004\n|move|p1a: Hades|Nasty Plot|p1a: Hades\n|-boost|p1a: Hades|spa|2\n|move|p2a: Gastrodon|Scald|p1a: Hades\n|-resisted|p1a: Hades\n|-end|p1a: Hades|Substitute\n|\n|-heal|p1a: Hades|68\/100|[from] item: Leftovers\n|upkeep\n|turn|45\n|\n|t:|1667762009\n|move|p1a: Hades|Substitute|p1a: Hades\n|-start|p1a: Hades|Substitute\n|-damage|p1a: Hades|44\/100\n|move|p2a: Gastrodon|Scald|p1a: Hades\n|-resisted|p1a: Hades\n|-activate|p1a: Hades|move: Substitute|[damage]\n|\n|-heal|p1a: Hades|50\/100|[from] item: Leftovers\n|upkeep\n|turn|46\n|c|\u2606Steez Ibanez|Powaaaaa\n|\n|t:|1667762016\n|move|p1a: Hades|Dark Pulse|p2a: Gastrodon\n|-damage|p2a: Gastrodon|0 fnt\n|faint|p2a: Gastrodon\n|\n|-heal|p1a: Hades|56\/100|[from] item: Leftovers\n|upkeep\n|\n|t:|1667762019\n|switch|p2a: Hydreigon|Hydreigon, F|76\/100\n|turn|47\n|\n|t:|1667762021\n|move|p1a: Hades|Flash Cannon|p2a: Hydreigon\n|-damage|p2a: Hydreigon|0 fnt\n|faint|p2a: Hydreigon\n|\n|-heal|p1a: Hades|62\/100|[from] item: Leftovers\n|upkeep\n|\n|t:|1667762024\n|switch|p2a: Toxapex|Toxapex, M, shiny|100\/100\n|turn|48\n|\n|t:|1667762026\n|move|p1a: Hades|Dark Pulse|p2a: Toxapex\n|-damage|p2a: Toxapex|0 fnt\n|faint|p2a: Toxapex\n|\n|-heal|p1a: Hades|68\/100|[from] item: Leftovers\n|upkeep\n|\n|t:|1667762028\n|switch|p2a: Jirachi|Jirachi|100\/100\n|turn|49\n|\n|t:|1667762031\n|move|p1a: Hades|Dark Pulse|p2a: Jirachi\n|-supereffective|p2a: Jirachi\n|-damage|p2a: Jirachi|0 fnt\n|faint|p2a: Jirachi\n|\n|-heal|p1a: Hades|74\/100|[from] item: Leftovers\n|upkeep\n|\n|t:|1667762033\n|switch|p2a: Skarmory|Skarmory, F|45\/100\n|turn|50\n|\n|t:|1667762035\n|move|p1a: Hades|Dark Pulse|p2a: Skarmory\n|-damage|p2a: Skarmory|0 fnt\n|faint|p2a: Skarmory\n|\n|win|Steez Ibanez\n|n|\u2606Steez Ibanez|steezibanez\n|n|\u2606Sol3N3ro \u592a\u967d|sol3n3ro\n|n| BLOATED_BAGEL|bloatedbagel\n|n| cypherstest|cypherstest\n|n| Aftx|aftx\n|n| Xsage93|xsage93\n|n| lowelofunn|lowelofunn\n|n| SetsuStsna|setsustsna\n|n| uchira|uchira\n|l|\u2606Sol3N3ro \u592a\u967d\n|c|\u2606Steez Ibanez|gg\n|c| SetsuStsna|why did this win lol\n|l| uchira\n|j| IExistYouDont\n|c| Xsage93|Hmm?\n|l| lowelofunn\n|l| SetsuStsna\n|c| Xsage93|It ain't that surprising\n|l|\u2606Steez Ibanez\n|c| Xsage93|Was kind of a clear 6-0 to happen\n|j|\u2606Steez Ibanez\n|player|p1|Steez Ibanez|acetrainer-gen7\n|l| Aftx\n|j| ShtRainTest1\n|l| IExistYouDont\n","uploadtime":1667762051,"views":10,"p1id":"steezibanez","p2id":"sol3n3ro","formatid":"gen8ou","rating":0,"private":0,"password":null}