{"id":"gen8ou-1535546828","p1":"enpathy","p2":"Guest 7021179","format":"gen8ou","log":"|j|\u2606enpathy\n|j|\u203dGuest 7021179\n|t:|1647884555\n|gametype|singles\n|player|p1|enpathy|169|1713\n|player|p2|Guest 7021179|2|1780\n|teamsize|p1|6\n|teamsize|p2|6\n|gen|8\n|tier|[Gen 8] OU\n|rated|\n|rule|Sleep Clause Mod: Limit one foe put to sleep\n|rule|Species Clause: Limit one of each Pok\u00e9mon\n|rule|OHKO Clause: OHKO moves are banned\n|rule|Evasion Moves Clause: Evasion moves are banned\n|rule|Endless Battle Clause: Forcing endless battles is banned\n|rule|HP Percentage Mod: HP is shown in percentages\n|rule|Dynamax Clause: You cannot dynamax\n|clearpoke\n|poke|p1|Slowbro, M|\n|poke|p1|Mandibuzz, F|\n|poke|p1|Landorus-Therian, M|\n|poke|p1|Zeraora|\n|poke|p1|Weavile, M|\n|poke|p1|Heatran, M|\n|poke|p2|Zapdos|\n|poke|p2|Suicune|\n|poke|p2|Hippowdon, F|\n|poke|p2|Toxapex, F|\n|poke|p2|Corviknight, F|\n|poke|p2|Weavile, F|\n|teampreview\n|inactive|Battle timer is ON: inactive players will automatically lose when time's up. (requested by Guest 7021179)\n|\n|t:|1647884587\n|start\n|switch|p1a: Slowbro|Slowbro, M|100\/100\n|switch|p2a: Toxapex|Toxapex, F, shiny|100\/100\n|turn|1\n|\n|t:|1647884591\n|move|p2a: Toxapex|Toxic|p1a: Slowbro\n|-status|p1a: Slowbro|tox\n|move|p1a: Slowbro|Scald|p2a: Toxapex\n|-resisted|p2a: Toxapex\n|-damage|p2a: Toxapex|90\/100\n|\n|-damage|p1a: Slowbro|94\/100 tox|[from] psn\n|upkeep\n|turn|2\n|\n|t:|1647884594\n|move|p2a: Toxapex|Knock Off|p1a: Slowbro\n|-supereffective|p1a: Slowbro\n|-damage|p1a: Slowbro|77\/100 tox\n|-enditem|p1a: Slowbro|Eject Button|[from] move: Knock Off|[of] p2a: Toxapex\n|move|p1a: Slowbro|Scald|p2a: Toxapex\n|-resisted|p2a: Toxapex\n|-damage|p2a: Toxapex|80\/100\n|\n|-damage|p1a: Slowbro|64\/100 tox|[from] psn\n|upkeep\n|turn|3\n|\n|t:|1647884597\n|move|p2a: Toxapex|Toxic Spikes|p1a: Slowbro\n|-sidestart|p1: enpathy|move: Toxic Spikes\n|move|p1a: Slowbro|Future Sight|p2a: Toxapex\n|-start|p1a: Slowbro|move: Future Sight\n|\n|-damage|p1a: Slowbro|46\/100 tox|[from] psn\n|upkeep\n|turn|4\n|\n|t:|1647884605\n|switch|p2a: Suicune|Suicune|100\/100\n|-ability|p2a: Suicune|Pressure\n|move|p1a: Slowbro|Teleport|p1a: Slowbro\n|\n|t:|1647884611\n|switch|p1a: Zeraora|Zeraora|100\/100|[from]move: Teleport\n|\n|upkeep\n|turn|5\n|\n|t:|1647884616\n|switch|p1a: Slowbro|Slowbro, M|79\/100 tox\n|move|p2a: Suicune|Protect||[still]\n|-fail|p2a: Suicune\n|\n|-end|p2a: Suicune|move: Future Sight\n|-damage|p2a: Suicune|69\/100\n|-heal|p2a: Suicune|75\/100|[from] item: Leftovers\n|-damage|p1a: Slowbro|73\/100 tox|[from] psn\n|upkeep\n|turn|6\n|\n|t:|1647884622\n|move|p2a: Suicune|Substitute|p2a: Suicune\n|-start|p2a: Suicune|Substitute\n|-damage|p2a: Suicune|50\/100\n|move|p1a: Slowbro|Future Sight|p2a: Suicune\n|-start|p1a: Slowbro|move: Future Sight\n|\n|-heal|p2a: Suicune|57\/100|[from] item: Leftovers\n|-damage|p1a: Slowbro|61\/100 tox|[from] psn\n|upkeep\n|turn|7\n|\n|t:|1647884633\n|move|p2a: Suicune|Calm Mind|p2a: Suicune\n|-boost|p2a: Suicune|spa|1\n|-boost|p2a: Suicune|spd|1\n|move|p1a: Slowbro|Teleport|p1a: Slowbro\n|\n|t:|1647884635\n|switch|p1a: Weavile|Weavile, M|100\/100|[from]move: Teleport\n|-ability|p1a: Weavile|Pressure\n|\n|-heal|p2a: Suicune|63\/100|[from] item: Leftovers\n|upkeep\n|turn|8\n|\n|t:|1647884640\n|move|p2a: Suicune|Protect|p2a: Suicune\n|-singleturn|p2a: Suicune|Protect\n|move|p1a: Weavile|Knock Off|p2a: Suicune\n|-activate|p2a: Suicune|move: Protect\n|\n|-end|p2a: Suicune|move: Future Sight\n|-activate|p2a: Suicune|move: Substitute|[damage]\n|-heal|p2a: Suicune|69\/100|[from] item: Leftovers\n|upkeep\n|turn|9\n|\n|t:|1647884645\n|move|p1a: Weavile|Knock Off|p2a: Suicune\n|-end|p2a: Suicune|Substitute\n|move|p2a: Suicune|Scald|p1a: Weavile\n|-damage|p1a: Weavile|48\/100\n|\n|-heal|p2a: Suicune|75\/100|[from] item: Leftovers\n|upkeep\n|turn|10\n|\n|t:|1647884649\n|move|p2a: Suicune|Protect|p2a: Suicune\n|-singleturn|p2a: Suicune|Protect\n|move|p1a: Weavile|Knock Off|p2a: Suicune\n|-activate|p2a: Suicune|move: Protect\n|\n|-heal|p2a: Suicune|81\/100|[from] item: Leftovers\n|upkeep\n|turn|11\n|\n|t:|1647884653\n|switch|p2a: Toxapex|Toxapex, F, shiny|100\/100\n|move|p1a: Weavile|Knock Off|p2a: Toxapex\n|-damage|p2a: Toxapex|66\/100\n|-damage|p1a: Weavile|32\/100|[from] item: Rocky Helmet|[of] p2a: Toxapex\n|-enditem|p2a: Toxapex|Rocky Helmet|[from] move: Knock Off|[of] p1a: Weavile\n|\n|upkeep\n|turn|12\n|\n|t:|1647884668\n|switch|p1a: Landorus|Landorus-Therian, M|100\/100\n|-ability|p1a: Landorus|Intimidate|boost\n|-unboost|p2a: Toxapex|atk|1\n|switch|p2a: Hippowdon|Hippowdon, F|100\/100\n|-weather|Sandstorm|[from] ability: Sand Stream|[of] p2a: Hippowdon\n|\n|-weather|Sandstorm|[upkeep]\n|upkeep\n|turn|13\n|\n|t:|1647884670\n|move|p1a: Landorus|Toxic|p2a: Hippowdon\n|-status|p2a: Hippowdon|tox\n|move|p2a: Hippowdon|Toxic|p1a: Landorus\n|-status|p1a: Landorus|tox\n|\n|-weather|Sandstorm|[upkeep]\n|-damage|p1a: Landorus|94\/100 tox|[from] psn\n|-damage|p2a: Hippowdon|94\/100 tox|[from] psn\n|upkeep\n|turn|14\n|\n|t:|1647884673\n|move|p1a: Landorus|Stealth Rock|p2a: Hippowdon\n|-sidestart|p2: Guest 7021179|move: Stealth Rock\n|move|p2a: Hippowdon|Stealth Rock|p1a: Landorus\n|-sidestart|p1: enpathy|move: Stealth Rock\n|\n|-weather|Sandstorm|[upkeep]\n|-heal|p1a: Landorus|100\/100 tox|[from] item: Leftovers\n|-heal|p2a: Hippowdon|100\/100 tox|[from] item: Leftovers\n|-damage|p1a: Landorus|88\/100 tox|[from] psn\n|-damage|p2a: Hippowdon|88\/100 tox|[from] psn\n|upkeep\n|turn|15\n|\n|t:|1647884678\n|switch|p1a: Slowbro|Slowbro, M|94\/100 tox\n|-damage|p1a: Slowbro|82\/100 tox|[from] Stealth Rock\n|switch|p2a: Corviknight|Corviknight, F|100\/100\n|-damage|p2a: Corviknight|88\/100|[from] Stealth Rock\n|-ability|p2a: Corviknight|Pressure\n|\n|-weather|Sandstorm|[upkeep]\n|-damage|p1a: Slowbro|76\/100 tox|[from] Sandstorm\n|-heal|p2a: Corviknight|94\/100|[from] item: Leftovers\n|-damage|p1a: Slowbro|70\/100 tox|[from] psn\n|upkeep\n|turn|16\n|inactive|Guest 7021179 has 120 seconds left.\n|\n|t:|1647884710\n|move|p2a: Corviknight|Substitute|p2a: Corviknight\n|-start|p2a: Corviknight|Substitute\n|-damage|p2a: Corviknight|69\/100\n|move|p1a: Slowbro|Teleport|p1a: Slowbro\n|\n|t:|1647884714\n|switch|p1a: Zeraora|Zeraora|100\/100|[from]move: Teleport\n|\n|-weather|none\n|-heal|p2a: Corviknight|75\/100|[from] item: Leftovers\n|upkeep\n|turn|17\n|\n|t:|1647884723\n|move|p1a: Zeraora|Bulk Up|p1a: Zeraora\n|-boost|p1a: Zeraora|atk|1\n|-boost|p1a: Zeraora|def|1\n|move|p2a: Corviknight|Substitute|p2a: Corviknight\n|-fail|p2a: Corviknight|move: Substitute\n|\n|-heal|p2a: Corviknight|82\/100|[from] item: Leftovers\n|upkeep\n|turn|18\n|\n|t:|1647884727\n|switch|p2a: Hippowdon|Hippowdon, F|88\/100 tox\n|-damage|p2a: Hippowdon|82\/100 tox|[from] Stealth Rock\n|-weather|Sandstorm|[from] ability: Sand Stream|[of] p2a: Hippowdon\n|move|p1a: Zeraora|Plasma Fists|p2a: Hippowdon\n|-immune|p2a: Hippowdon\n|\n|-weather|Sandstorm|[upkeep]\n|-damage|p1a: Zeraora|95\/100|[from] Sandstorm\n|-heal|p2a: Hippowdon|88\/100 tox|[from] item: Leftovers\n|-damage|p2a: Hippowdon|82\/100 tox|[from] psn\n|upkeep\n|turn|19\n|\n|t:|1647884731\n|switch|p1a: Slowbro|Slowbro, M|100\/100 tox\n|-damage|p1a: Slowbro|88\/100 tox|[from] Stealth Rock\n|move|p2a: Hippowdon|Toxic|p1a: Slowbro\n|-fail|p1a: Slowbro|tox\n|\n|-weather|Sandstorm|[upkeep]\n|-damage|p1a: Slowbro|82\/100 tox|[from] Sandstorm\n|-heal|p2a: Hippowdon|88\/100 tox|[from] item: Leftovers\n|-damage|p2a: Hippowdon|76\/100 tox|[from] psn\n|-damage|p1a: Slowbro|76\/100 tox|[from] psn\n|upkeep\n|turn|20\n|\n|t:|1647884735\n|switch|p2a: Suicune|Suicune|81\/100\n|-damage|p2a: Suicune|69\/100|[from] Stealth Rock\n|-ability|p2a: Suicune|Pressure\n|move|p1a: Slowbro|Teleport|p1a: Slowbro\n|\n|t:|1647884738\n|switch|p1a: Zeraora|Zeraora|95\/100|[from]move: Teleport\n|\n|-weather|Sandstorm|[upkeep]\n|-damage|p1a: Zeraora|89\/100|[from] Sandstorm\n|-damage|p2a: Suicune|63\/100|[from] Sandstorm\n|-heal|p2a: Suicune|69\/100|[from] item: Leftovers\n|upkeep\n|turn|21\n|\n|t:|1647884748\n|move|p2a: Suicune|Protect|p2a: Suicune\n|-singleturn|p2a: Suicune|Protect\n|move|p1a: Zeraora|Plasma Fists|p2a: Suicune\n|-activate|p2a: Suicune|move: Protect\n|\n|-weather|Sandstorm|[upkeep]\n|-damage|p1a: Zeraora|83\/100|[from] Sandstorm\n|-damage|p2a: Suicune|63\/100|[from] Sandstorm\n|-heal|p2a: Suicune|69\/100|[from] item: Leftovers\n|upkeep\n|turn|22\n|\n|t:|1647884750\n|switch|p2a: Hippowdon|Hippowdon, F|76\/100 tox\n|-damage|p2a: Hippowdon|70\/100 tox|[from] Stealth Rock\n|move|p1a: Zeraora|Plasma Fists|p2a: Hippowdon\n|-immune|p2a: Hippowdon\n|\n|-weather|none\n|-heal|p2a: Hippowdon|76\/100 tox|[from] item: Leftovers\n|-damage|p2a: Hippowdon|70\/100 tox|[from] psn\n|upkeep\n|turn|23\n|\n|t:|1647884752\n|move|p1a: Zeraora|Knock Off|p2a: Hippowdon\n|-damage|p2a: Hippowdon|46\/100 tox\n|-enditem|p2a: Hippowdon|Leftovers|[from] move: Knock Off|[of] p1a: Zeraora\n|move|p2a: Hippowdon|Slack Off|p2a: Hippowdon\n|-heal|p2a: Hippowdon|96\/100 tox\n|\n|-damage|p2a: Hippowdon|84\/100 tox|[from] psn\n|upkeep\n|turn|24\n|\n|t:|1647884758\n|switch|p1a: Landorus|Landorus-Therian, M|88\/100 tox\n|-damage|p1a: Landorus|76\/100 tox|[from] Stealth Rock\n|-ability|p1a: Landorus|Intimidate|boost\n|-unboost|p2a: Hippowdon|atk|1\n|switch|p2a: Zapdos|Zapdos|100\/100\n|-ability|p2a: Zapdos|Pressure\n|\n|-heal|p1a: Landorus|82\/100 tox|[from] item: Leftovers\n|-damage|p1a: Landorus|76\/100 tox|[from] psn\n|upkeep\n|turn|25\n|\n|t:|1647884762\n|switch|p2a: Corviknight|Corviknight, F|82\/100\n|-damage|p2a: Corviknight|69\/100|[from] Stealth Rock\n|-ability|p2a: Corviknight|Pressure\n|move|p1a: Landorus|U-turn|p2a: Corviknight\n|-resisted|p2a: Corviknight\n|-damage|p2a: Corviknight|65\/100\n|\n|t:|1647884767\n|switch|p1a: Heatran|Heatran, M|100\/100|[from]move: U-turn\n|-damage|p1a: Heatran|88\/100|[from] Stealth Rock\n|\n|-heal|p1a: Heatran|94\/100|[from] item: Leftovers\n|-heal|p2a: Corviknight|71\/100|[from] item: Leftovers\n|upkeep\n|turn|26\n|inactive|Guest 7021179 has 120 seconds left.\n|\n|t:|1647884803\n|switch|p2a: Suicune|Suicune|69\/100\n|-damage|p2a: Suicune|57\/100|[from] Stealth Rock\n|-ability|p2a: Suicune|Pressure\n|move|p1a: Heatran|Magma Storm|p2a: Suicune\n|-resisted|p2a: Suicune\n|-damage|p2a: Suicune|41\/100\n|-activate|p2a: Suicune|move: Magma Storm|[of] p1a: Heatran\n|\n|-heal|p2a: Suicune|47\/100|[from] item: Leftovers\n|-heal|p1a: Heatran|100\/100|[from] item: Leftovers\n|-damage|p2a: Suicune|34\/100|[from] move: Magma Storm|[partiallytrapped]\n|upkeep\n|turn|27\n|\n|t:|1647884807\n|move|p2a: Suicune|Scald|p1a: Heatran\n|-supereffective|p1a: Heatran\n|-damage|p1a: Heatran|70\/100\n|move|p1a: Heatran|Earth Power|p2a: Suicune\n|-damage|p2a: Suicune|17\/100\n|-unboost|p2a: Suicune|spd|1\n|\n|-heal|p2a: Suicune|23\/100|[from] item: Leftovers\n|-heal|p1a: Heatran|77\/100|[from] item: Leftovers\n|-damage|p2a: Suicune|10\/100|[from] move: Magma Storm|[partiallytrapped]\n|upkeep\n|turn|28\n|\n|t:|1647884809\n|move|p2a: Suicune|Scald|p1a: Heatran\n|-supereffective|p1a: Heatran\n|-damage|p1a: Heatran|44\/100\n|move|p1a: Heatran|Earth Power|p2a: Suicune\n|-damage|p2a: Suicune|0 fnt\n|faint|p2a: Suicune\n|\n|-heal|p1a: Heatran|50\/100|[from] item: Leftovers\n|upkeep\n|\n|t:|1647884817\n|switch|p2a: Weavile|Weavile, F|100\/100\n|-ability|p2a: Weavile|Pressure\n|turn|29\n|\n|t:|1647884825\n|move|p2a: Weavile|Low Kick|p1a: Heatran\n|-supereffective|p1a: Heatran\n|-damage|p1a: Heatran|0 fnt\n|faint|p1a: Heatran\n|\n|upkeep\n|\n|t:|1647884827\n|switch|p1a: Zeraora|Zeraora|83\/100\n|turn|30\n|\n|t:|1647884835\n|switch|p2a: Hippowdon|Hippowdon, F|84\/100 tox\n|-damage|p2a: Hippowdon|78\/100 tox|[from] Stealth Rock\n|-weather|Sandstorm|[from] ability: Sand Stream|[of] p2a: Hippowdon\n|move|p1a: Zeraora|Close Combat|p2a: Hippowdon\n|-damage|p2a: Hippowdon|53\/100 tox\n|-unboost|p1a: Zeraora|def|1\n|-unboost|p1a: Zeraora|spd|1\n|\n|-weather|Sandstorm|[upkeep]\n|-damage|p1a: Zeraora|77\/100|[from] Sandstorm\n|-damage|p2a: Hippowdon|47\/100 tox|[from] psn\n|upkeep\n|turn|31\n|\n|t:|1647884841\n|switch|p1a: Slowbro|Slowbro, M|100\/100 tox\n|-damage|p1a: Slowbro|88\/100 tox|[from] Stealth Rock\n|move|p2a: Hippowdon|Slack Off|p2a: Hippowdon\n|-heal|p2a: Hippowdon|97\/100 tox\n|\n|-weather|Sandstorm|[upkeep]\n|-damage|p1a: Slowbro|82\/100 tox|[from] Sandstorm\n|-damage|p2a: Hippowdon|84\/100 tox|[from] psn\n|-damage|p1a: Slowbro|76\/100 tox|[from] psn\n|upkeep\n|turn|32\n|\n|t:|1647884849\n|switch|p2a: Zapdos|Zapdos|100\/100\n|-ability|p2a: Zapdos|Pressure\n|move|p1a: Slowbro|Scald|p2a: Zapdos\n|-damage|p2a: Zapdos|75\/100\n|-status|p2a: Zapdos|brn\n|\n|-weather|Sandstorm|[upkeep]\n|-damage|p2a: Zapdos|69\/100 brn|[from] Sandstorm\n|-damage|p1a: Slowbro|70\/100 tox|[from] Sandstorm\n|-damage|p1a: Slowbro|57\/100 tox|[from] psn\n|-damage|p2a: Zapdos|63\/100 brn|[from] brn\n|upkeep\n|turn|33\n|\n|t:|1647884851\n|switch|p1a: Landorus|Landorus-Therian, M|76\/100 tox\n|-damage|p1a: Landorus|64\/100 tox|[from] Stealth Rock\n|-ability|p1a: Landorus|Intimidate|boost\n|-unboost|p2a: Zapdos|atk|1\n|move|p2a: Zapdos|Roost|p2a: Zapdos\n|-heal|p2a: Zapdos|100\/100 brn\n|-singleturn|p2a: Zapdos|move: Roost\n|\n|-weather|Sandstorm|[upkeep]\n|-damage|p2a: Zapdos|94\/100 brn|[from] Sandstorm\n|-heal|p1a: Landorus|70\/100 tox|[from] item: Leftovers\n|-damage|p1a: Landorus|64\/100 tox|[from] psn\n|-damage|p2a: Zapdos|88\/100 brn|[from] brn\n|upkeep\n|turn|34\n|\n|t:|1647884857\n|move|p2a: Zapdos|Hurricane|p1a: Landorus\n|-damage|p1a: Landorus|30\/100 tox\n|move|p1a: Landorus|U-turn|p2a: Zapdos\n|-resisted|p2a: Zapdos\n|-damage|p2a: Zapdos|81\/100 brn\n|\n|t:|1647884862\n|switch|p1a: Zeraora|Zeraora|77\/100|[from]move: U-turn\n|\n|-weather|none\n|-damage|p2a: Zapdos|75\/100 brn|[from] brn\n|upkeep\n|turn|35\n|\n|t:|1647884867\n|switch|p2a: Hippowdon|Hippowdon, F|84\/100 tox\n|-damage|p2a: Hippowdon|78\/100 tox|[from] Stealth Rock\n|-weather|Sandstorm|[from] ability: Sand Stream|[of] p2a: Hippowdon\n|move|p1a: Zeraora|Knock Off|p2a: Hippowdon\n|-damage|p2a: Hippowdon|63\/100 tox\n|\n|-weather|Sandstorm|[upkeep]\n|-damage|p1a: Zeraora|71\/100|[from] Sandstorm\n|-damage|p2a: Hippowdon|57\/100 tox|[from] psn\n|upkeep\n|turn|36\n|\n|t:|1647884870\n|move|p1a: Zeraora|Knock Off|p2a: Hippowdon\n|-damage|p2a: Hippowdon|43\/100 tox\n|move|p2a: Hippowdon|Slack Off|p2a: Hippowdon\n|-heal|p2a: Hippowdon|93\/100 tox\n|\n|-weather|Sandstorm|[upkeep]\n|-damage|p1a: Zeraora|65\/100|[from] Sandstorm\n|-damage|p2a: Hippowdon|80\/100 tox|[from] psn\n|upkeep\n|turn|37\n|\n|t:|1647884876\n|switch|p1a: Mandibuzz|Mandibuzz, F|100\/100\n|switch|p2a: Zapdos|Zapdos|75\/100 brn\n|-ability|p2a: Zapdos|Pressure\n|\n|-weather|Sandstorm|[upkeep]\n|-damage|p2a: Zapdos|69\/100 brn|[from] Sandstorm\n|-damage|p1a: Mandibuzz|94\/100|[from] Sandstorm\n|-damage|p2a: Zapdos|63\/100 brn|[from] brn\n|upkeep\n|turn|38\n|\n|t:|1647884882\n|move|p2a: Zapdos|Thunderbolt|p1a: Mandibuzz\n|-supereffective|p1a: Mandibuzz\n|-damage|p1a: Mandibuzz|45\/100\n|move|p1a: Mandibuzz|U-turn|p2a: Zapdos\n|-resisted|p2a: Zapdos\n|-damage|p2a: Zapdos|59\/100 brn\n|\n|t:|1647884888\n|switch|p1a: Zeraora|Zeraora|65\/100|[from]move: U-turn\n|\n|-weather|Sandstorm|[upkeep]\n|-damage|p1a: Zeraora|59\/100|[from] Sandstorm\n|-damage|p2a: Zapdos|53\/100 brn|[from] Sandstorm\n|-damage|p2a: Zapdos|47\/100 brn|[from] brn\n|upkeep\n|turn|39\n|\n|t:|1647884893\n|switch|p2a: Hippowdon|Hippowdon, F|80\/100 tox\n|-damage|p2a: Hippowdon|74\/100 tox|[from] Stealth Rock\n|move|p1a: Zeraora|Knock Off|p2a: Hippowdon\n|-damage|p2a: Hippowdon|60\/100 tox\n|\n|-weather|none\n|-damage|p2a: Hippowdon|54\/100 tox|[from] psn\n|upkeep\n|turn|40\n|\n|t:|1647884896\n|switch|p1a: Slowbro|Slowbro, M|91\/100 tox\n|-damage|p1a: Slowbro|78\/100 tox|[from] Stealth Rock\n|move|p2a: Hippowdon|Slack Off|p2a: Hippowdon\n|-heal|p2a: Hippowdon|100\/100 tox\n|\n|-damage|p2a: Hippowdon|88\/100 tox|[from] psn\n|-damage|p1a: Slowbro|72\/100 tox|[from] psn\n|upkeep\n|turn|41\n|\n|t:|1647884902\n|switch|p2a: Toxapex|Toxapex, F, shiny|99\/100\n|-damage|p2a: Toxapex|87\/100|[from] Stealth Rock\n|move|p1a: Slowbro|Teleport|p1a: Slowbro\n|\n|t:|1647884905\n|switch|p1a: Mandibuzz|Mandibuzz, F|45\/100|[from]move: Teleport\n|\n|upkeep\n|turn|42\n|\n|t:|1647884907\n|move|p1a: Mandibuzz|U-turn|p2a: Toxapex\n|-resisted|p2a: Toxapex\n|-damage|p2a: Toxapex|83\/100\n|\n|t:|1647884909\n|switch|p1a: Slowbro|Slowbro, M|100\/100 tox|[from]move: U-turn\n|-damage|p1a: Slowbro|88\/100 tox|[from] Stealth Rock\n|move|p2a: Toxapex|Toxic|p1a: Slowbro\n|-fail|p1a: Slowbro|tox\n|\n|-damage|p1a: Slowbro|82\/100 tox|[from] psn\n|upkeep\n|turn|43\n|\n|t:|1647884919\n|move|p2a: Toxapex|Toxic Spikes|p1a: Slowbro\n|-sidestart|p1: enpathy|move: Toxic Spikes\n|move|p1a: Slowbro|Teleport|p1a: Slowbro\n|\n|t:|1647884922\n|switch|p1a: Mandibuzz|Mandibuzz, F|45\/100|[from]move: Teleport\n|\n|upkeep\n|turn|44\n|\n|t:|1647884925\n|move|p1a: Mandibuzz|U-turn|p2a: Toxapex\n|-resisted|p2a: Toxapex\n|-damage|p2a: Toxapex|79\/100\n|\n|t:|1647884927\n|switch|p1a: Slowbro|Slowbro, M|100\/100 tox|[from]move: U-turn\n|-damage|p1a: Slowbro|88\/100 tox|[from] Stealth Rock\n|move|p2a: Toxapex|Knock Off|p1a: Slowbro\n|-supereffective|p1a: Slowbro\n|-damage|p1a: Slowbro|77\/100 tox\n|\n|-damage|p1a: Slowbro|71\/100 tox|[from] psn\n|upkeep\n|turn|45\n|\n|t:|1647884931\n|switch|p2a: Weavile|Weavile, F|100\/100\n|-ability|p2a: Weavile|Pressure\n|move|p1a: Slowbro|Teleport|p1a: Slowbro\n|\n|t:|1647884935\n|switch|p1a: Mandibuzz|Mandibuzz, F|45\/100|[from]move: Teleport\n|\n|upkeep\n|turn|46\n|\n|t:|1647884940\n|move|p2a: Weavile|Knock Off|p1a: Mandibuzz\n|-resisted|p1a: Mandibuzz\n|-damage|p1a: Mandibuzz|29\/100\n|-enditem|p1a: Mandibuzz|Heavy-Duty Boots|[from] move: Knock Off|[of] p2a: Weavile\n|move|p1a: Mandibuzz|U-turn|p2a: Weavile\n|-supereffective|p2a: Weavile\n|-damage|p2a: Weavile|62\/100\n|\n|t:|1647884946\n|switch|p1a: Zeraora|Zeraora|59\/100|[from]move: U-turn\n|\n|upkeep\n|turn|47\n|\n|t:|1647884949\n|switch|p1a: Slowbro|Slowbro, M|100\/100 tox\n|-damage|p1a: Slowbro|88\/100 tox|[from] Stealth Rock\n|switch|p2a: Hippowdon|Hippowdon, F|88\/100 tox\n|-damage|p2a: Hippowdon|82\/100 tox|[from] Stealth Rock\n|-weather|Sandstorm|[from] ability: Sand Stream|[of] p2a: Hippowdon\n|\n|-weather|Sandstorm|[upkeep]\n|-damage|p1a: Slowbro|82\/100 tox|[from] Sandstorm\n|-damage|p2a: Hippowdon|76\/100 tox|[from] psn\n|-damage|p1a: Slowbro|76\/100 tox|[from] psn\n|upkeep\n|turn|48\n|\n|t:|1647884954\n|switch|p2a: Toxapex|Toxapex, F, shiny|100\/100\n|-damage|p2a: Toxapex|88\/100|[from] Stealth Rock\n|move|p1a: Slowbro|Future Sight|p2a: Toxapex\n|-start|p1a: Slowbro|move: Future Sight\n|\n|-weather|Sandstorm|[upkeep]\n|-damage|p2a: Toxapex|82\/100|[from] Sandstorm\n|-damage|p1a: Slowbro|70\/100 tox|[from] Sandstorm\n|-damage|p1a: Slowbro|57\/100 tox|[from] psn\n|upkeep\n|turn|49\n|\n|t:|1647884960\n|move|p2a: Toxapex|Knock Off|p1a: Slowbro\n|-supereffective|p1a: Slowbro\n|-damage|p1a: Slowbro|46\/100 tox\n|move|p1a: Slowbro|Teleport|p1a: Slowbro\n|\n|t:|1647884963\n|switch|p1a: Weavile|Weavile, M|32\/100|[from]move: Teleport\n|-ability|p1a: Weavile|Pressure\n|\n|-weather|Sandstorm|[upkeep]\n|-damage|p1a: Weavile|26\/100|[from] Sandstorm\n|-damage|p2a: Toxapex|75\/100|[from] Sandstorm\n|upkeep\n|turn|50\n|\n|t:|1647884976\n|switch|p2a: Zapdos|Zapdos|47\/100 brn\n|-ability|p2a: Zapdos|Pressure\n|move|p1a: Weavile|Swords Dance|p1a: Weavile\n|-boost|p1a: Weavile|atk|2\n|\n|-weather|Sandstorm|[upkeep]\n|-damage|p1a: Weavile|20\/100|[from] Sandstorm\n|-damage|p2a: Zapdos|41\/100 brn|[from] Sandstorm\n|-end|p2a: Zapdos|move: Future Sight\n|-damage|p2a: Zapdos|0 fnt\n|faint|p2a: Zapdos\n|upkeep\n|\n|t:|1647884981\n|switch|p2a: Toxapex|Toxapex, F, shiny|100\/100\n|-damage|p2a: Toxapex|88\/100|[from] Stealth Rock\n|turn|51\n|\n|t:|1647884984\n|switch|p1a: Slowbro|Slowbro, M|79\/100 tox\n|-damage|p1a: Slowbro|67\/100 tox|[from] Stealth Rock\n|move|p2a: Toxapex|Knock Off|p1a: Slowbro\n|-supereffective|p1a: Slowbro\n|-damage|p1a: Slowbro|54\/100 tox\n|\n|-weather|none\n|-damage|p1a: Slowbro|48\/100 tox|[from] psn\n|upkeep\n|turn|52\n|\n|t:|1647884987\n|move|p2a: Toxapex|Knock Off|p1a: Slowbro\n|-supereffective|p1a: Slowbro\n|-damage|p1a: Slowbro|37\/100 tox\n|move|p1a: Slowbro|Scald|p2a: Toxapex\n|-resisted|p2a: Toxapex\n|-damage|p2a: Toxapex|77\/100\n|-status|p2a: Toxapex|brn\n|\n|-damage|p1a: Slowbro|25\/100 tox|[from] psn\n|-damage|p2a: Toxapex|71\/100 brn|[from] brn\n|upkeep\n|turn|53\n|\n|t:|1647884999\n|switch|p2a: Hippowdon|Hippowdon, F|76\/100 tox\n|-damage|p2a: Hippowdon|70\/100 tox|[from] Stealth Rock\n|-weather|Sandstorm|[from] ability: Sand Stream|[of] p2a: Hippowdon\n|move|p1a: Slowbro|Teleport|p1a: Slowbro\n|\n|t:|1647885004\n|switch|p1a: Mandibuzz|Mandibuzz, F|29\/100|[from]move: Teleport\n|-damage|p1a: Mandibuzz|4\/100|[from] Stealth Rock\n|\n|-weather|Sandstorm|[upkeep]\n|-damage|p1a: Mandibuzz|0 fnt|[from] Sandstorm\n|faint|p1a: Mandibuzz\n|-damage|p2a: Hippowdon|63\/100 tox|[from] psn\n|upkeep\n|\n|t:|1647885016\n|switch|p1a: Weavile|Weavile, M|20\/100\n|-ability|p1a: Weavile|Pressure\n|turn|54\n|\n|t:|1647885020\n|switch|p1a: Slowbro|Slowbro, M|58\/100 tox\n|-damage|p1a: Slowbro|46\/100 tox|[from] Stealth Rock\n|switch|p2a: Toxapex|Toxapex, F, shiny|100\/100 brn\n|-damage|p2a: Toxapex|88\/100 brn|[from] Stealth Rock\n|\n|-weather|Sandstorm|[upkeep]\n|-damage|p2a: Toxapex|82\/100 brn|[from] Sandstorm\n|-damage|p1a: Slowbro|40\/100 tox|[from] Sandstorm\n|-damage|p1a: Slowbro|34\/100 tox|[from] psn\n|-damage|p2a: Toxapex|75\/100 brn|[from] brn\n|upkeep\n|turn|55\n|\n|t:|1647885031\n|switch|p2a: Weavile|Weavile, F|62\/100\n|-ability|p2a: Weavile|Pressure\n|move|p1a: Slowbro|Teleport|p1a: Slowbro\n|\n|t:|1647885035\n|switch|p1a: Zeraora|Zeraora|59\/100|[from]move: Teleport\n|\n|-weather|Sandstorm|[upkeep]\n|-damage|p1a: Zeraora|53\/100|[from] Sandstorm\n|-damage|p2a: Weavile|56\/100|[from] Sandstorm\n|upkeep\n|turn|56\n|\n|t:|1647885043\n|switch|p2a: Toxapex|Toxapex, F, shiny|100\/100 brn\n|-damage|p2a: Toxapex|88\/100 brn|[from] Stealth Rock\n|move|p1a: Zeraora|Close Combat|p2a: Toxapex\n|-resisted|p2a: Toxapex\n|-damage|p2a: Toxapex|76\/100 brn\n|-unboost|p1a: Zeraora|def|1\n|-unboost|p1a: Zeraora|spd|1\n|\n|-weather|Sandstorm|[upkeep]\n|-damage|p1a: Zeraora|47\/100|[from] Sandstorm\n|-damage|p2a: Toxapex|70\/100 brn|[from] Sandstorm\n|-damage|p2a: Toxapex|63\/100 brn|[from] brn\n|upkeep\n|turn|57\n|\n|t:|1647885047\n|switch|p1a: Slowbro|Slowbro, M|67\/100 tox\n|-damage|p1a: Slowbro|54\/100 tox|[from] Stealth Rock\n|switch|p2a: Hippowdon|Hippowdon, F|63\/100 tox\n|-damage|p2a: Hippowdon|57\/100 tox|[from] Stealth Rock\n|\n|-weather|none\n|-damage|p2a: Hippowdon|51\/100 tox|[from] psn\n|-damage|p1a: Slowbro|48\/100 tox|[from] psn\n|upkeep\n|turn|58\n|\n|t:|1647885049\n|move|p2a: Hippowdon|Slack Off|p2a: Hippowdon\n|-heal|p2a: Hippowdon|100\/100 tox\n|move|p1a: Slowbro|Scald|p2a: Hippowdon\n|-supereffective|p2a: Hippowdon\n|-damage|p2a: Hippowdon|60\/100 tox\n|\n|-damage|p2a: Hippowdon|48\/100 tox|[from] psn\n|-damage|p1a: Slowbro|36\/100 tox|[from] psn\n|upkeep\n|turn|59\n|\n|t:|1647885051\n|move|p2a: Hippowdon|Slack Off|p2a: Hippowdon\n|-heal|p2a: Hippowdon|98\/100 tox\n|move|p1a: Slowbro|Slack Off|p1a: Slowbro\n|-heal|p1a: Slowbro|86\/100 tox\n|\n|-damage|p2a: Hippowdon|80\/100 tox|[from] psn\n|-damage|p1a: Slowbro|68\/100 tox|[from] psn\n|upkeep\n|turn|60\n|\n|t:|1647885058\n|switch|p2a: Toxapex|Toxapex, F, shiny|97\/100 brn\n|-damage|p2a: Toxapex|84\/100 brn|[from] Stealth Rock\n|move|p1a: Slowbro|Teleport|p1a: Slowbro\n|\n|t:|1647885061\n|switch|p1a: Zeraora|Zeraora|47\/100|[from]move: Teleport\n|\n|-damage|p2a: Toxapex|78\/100 brn|[from] brn\n|upkeep\n|turn|61\n|\n|t:|1647885064\n|switch|p1a: Slowbro|Slowbro, M|100\/100 tox\n|-damage|p1a: Slowbro|88\/100 tox|[from] Stealth Rock\n|move|p2a: Toxapex|Knock Off|p1a: Slowbro\n|-supereffective|p1a: Slowbro\n|-damage|p1a: Slowbro|82\/100 tox\n|\n|-damage|p1a: Slowbro|76\/100 tox|[from] psn\n|-damage|p2a: Toxapex|72\/100 brn|[from] brn\n|upkeep\n|turn|62\n|\n|t:|1647885068\n|switch|p2a: Weavile|Weavile, F|56\/100\n|-ability|p2a: Weavile|Pressure\n|move|p1a: Slowbro|Scald|p2a: Weavile\n|-damage|p2a: Weavile|17\/100\n|-status|p2a: Weavile|brn\n|\n|-damage|p1a: Slowbro|64\/100 tox|[from] psn\n|-damage|p2a: Weavile|10\/100 brn|[from] brn\n|upkeep\n|turn|63\n|\n|t:|1647885074\n|move|p2a: Weavile|Knock Off|p1a: Slowbro\n|-supereffective|p1a: Slowbro\n|-crit|p1a: Slowbro\n|-damage|p1a: Slowbro|35\/100 tox\n|move|p1a: Slowbro|Slack Off|p1a: Slowbro\n|-heal|p1a: Slowbro|85\/100 tox\n|\n|-damage|p1a: Slowbro|66\/100 tox|[from] psn\n|-damage|p2a: Weavile|4\/100 brn|[from] brn\n|upkeep\n|turn|64\n|\n|t:|1647885082\n|move|p2a: Weavile|Knock Off|p1a: Slowbro\n|-supereffective|p1a: Slowbro\n|-damage|p1a: Slowbro|44\/100 tox\n|move|p1a: Slowbro|Slack Off|p1a: Slowbro\n|-heal|p1a: Slowbro|94\/100 tox\n|\n|-damage|p1a: Slowbro|69\/100 tox|[from] psn\n|-damage|p2a: Weavile|0 fnt|[from] brn\n|faint|p2a: Weavile\n|upkeep\n|\n|t:|1647885085\n|switch|p2a: Corviknight|Corviknight, F|71\/100\n|-damage|p2a: Corviknight|59\/100|[from] Stealth Rock\n|-ability|p2a: Corviknight|Pressure\n|turn|65\n|\n|t:|1647885088\n|move|p2a: Corviknight|Substitute|p2a: Corviknight\n|-start|p2a: Corviknight|Substitute\n|-damage|p2a: Corviknight|34\/100\n|move|p1a: Slowbro|Teleport|p1a: Slowbro\n|\n|t:|1647885089\n|switch|p1a: Weavile|Weavile, M|20\/100|[from]move: Teleport\n|-ability|p1a: Weavile|Pressure\n|\n|-heal|p2a: Corviknight|40\/100|[from] item: Leftovers\n|upkeep\n|turn|66\n|\n|t:|1647885092\n|move|p1a: Weavile|Triple Axel|p2a: Corviknight\n|-activate|p2a: Corviknight|move: Substitute|[damage]\n|-activate|p2a: Corviknight|move: Substitute|[damage]\n|-end|p2a: Corviknight|Substitute\n|-hitcount|p2a: Corviknight|3\n|move|p2a: Corviknight|Roost|p2a: Corviknight\n|-heal|p2a: Corviknight|90\/100\n|-singleturn|p2a: Corviknight|move: Roost\n|\n|-heal|p2a: Corviknight|96\/100|[from] item: Leftovers\n|upkeep\n|turn|67\n|\n|t:|1647885098\n|move|p1a: Weavile|Knock Off|p2a: Corviknight\n|-crit|p2a: Corviknight\n|-damage|p2a: Corviknight|38\/100\n|-enditem|p2a: Corviknight|Leftovers|[from] move: Knock Off|[of] p1a: Weavile\n|move|p2a: Corviknight|Brave Bird|p1a: Weavile\n|-damage|p1a: Weavile|0 fnt\n|faint|p1a: Weavile\n|-damage|p2a: Corviknight|34\/100|[from] Recoil\n|\n|upkeep\n|\n|t:|1647885102\n|switch|p1a: Zeraora|Zeraora|47\/100\n|turn|68\n|\n|t:|1647885105\n|switch|p2a: Hippowdon|Hippowdon, F|80\/100 tox\n|-damage|p2a: Hippowdon|73\/100 tox|[from] Stealth Rock\n|-weather|Sandstorm|[from] ability: Sand Stream|[of] p2a: Hippowdon\n|move|p1a: Zeraora|Close Combat|p2a: Hippowdon\n|-damage|p2a: Hippowdon|49\/100 tox\n|-unboost|p1a: Zeraora|def|1\n|-unboost|p1a: Zeraora|spd|1\n|\n|-weather|Sandstorm|[upkeep]\n|-damage|p1a: Zeraora|41\/100|[from] Sandstorm\n|-damage|p2a: Hippowdon|43\/100 tox|[from] psn\n|upkeep\n|turn|69\n|\n|t:|1647885109\n|switch|p1a: Slowbro|Slowbro, M|100\/100 tox\n|-damage|p1a: Slowbro|88\/100 tox|[from] Stealth Rock\n|move|p2a: Hippowdon|Slack Off|p2a: Hippowdon\n|-heal|p2a: Hippowdon|93\/100 tox\n|\n|-weather|Sandstorm|[upkeep]\n|-damage|p1a: Slowbro|82\/100 tox|[from] Sandstorm\n|-damage|p2a: Hippowdon|80\/100 tox|[from] psn\n|-damage|p1a: Slowbro|76\/100 tox|[from] psn\n|upkeep\n|turn|70\n|\n|t:|1647885111\n|move|p2a: Hippowdon|Earthquake|p1a: Slowbro\n|-damage|p1a: Slowbro|50\/100 tox\n|move|p1a: Slowbro|Future Sight|p2a: Hippowdon\n|-start|p1a: Slowbro|move: Future Sight\n|\n|-weather|Sandstorm|[upkeep]\n|-damage|p1a: Slowbro|44\/100 tox|[from] Sandstorm\n|-damage|p2a: Hippowdon|62\/100 tox|[from] psn\n|-damage|p1a: Slowbro|31\/100 tox|[from] psn\n|upkeep\n|turn|71\n|\n|t:|1647885119\n|switch|p2a: Corviknight|Corviknight, F|34\/100\n|-damage|p2a: Corviknight|21\/100|[from] Stealth Rock\n|-ability|p2a: Corviknight|Pressure\n|move|p1a: Slowbro|Slack Off|p1a: Slowbro\n|-heal|p1a: Slowbro|81\/100 tox\n|\n|-weather|Sandstorm|[upkeep]\n|-damage|p1a: Slowbro|75\/100 tox|[from] Sandstorm\n|-damage|p1a: Slowbro|57\/100 tox|[from] psn\n|upkeep\n|turn|72\n|\n|t:|1647885121\n|move|p2a: Corviknight|Roost|p2a: Corviknight\n|-heal|p2a: Corviknight|71\/100\n|-singleturn|p2a: Corviknight|move: Roost\n|move|p1a: Slowbro|Scald|p2a: Corviknight\n|-damage|p2a: Corviknight|49\/100\n|\n|-weather|none\n|-end|p2a: Corviknight|move: Future Sight\n|-resisted|p2a: Corviknight\n|-damage|p2a: Corviknight|34\/100\n|-damage|p1a: Slowbro|33\/100 tox|[from] psn\n|upkeep\n|turn|73\n|\n|t:|1647885125\n|switch|p1a: Zeraora|Zeraora|41\/100\n|move|p2a: Corviknight|Roost|p2a: Corviknight\n|-heal|p2a: Corviknight|84\/100\n|-singleturn|p2a: Corviknight|move: Roost\n|\n|upkeep\n|turn|74\n|\n|t:|1647885132\n|move|p1a: Zeraora|Plasma Fists|p2a: Corviknight\n|-supereffective|p2a: Corviknight\n|-damage|p2a: Corviknight|14\/100\n|-fieldactivate|move: Ion Deluge\n|-hint|Normal-type moves become Electric-type after using Plasma Fists.\n|move|p2a: Corviknight|Brave Bird|p1a: Zeraora\n|-resisted|p1a: Zeraora\n|-damage|p1a: Zeraora|17\/100\n|-damage|p2a: Corviknight|8\/100|[from] Recoil\n|\n|upkeep\n|turn|75\n|\n|t:|1647885137\n|move|p1a: Zeraora|Knock Off|p2a: Corviknight\n|-damage|p2a: Corviknight|0 fnt\n|faint|p2a: Corviknight\n|\n|upkeep\n|\n|t:|1647885140\n|switch|p2a: Hippowdon|Hippowdon, F|62\/100 tox\n|-damage|p2a: Hippowdon|56\/100 tox|[from] Stealth Rock\n|-weather|Sandstorm|[from] ability: Sand Stream|[of] p2a: Hippowdon\n|turn|76\n|\n|t:|1647885142\n|switch|p1a: Landorus|Landorus-Therian, M|30\/100 tox\n|-damage|p1a: Landorus|17\/100 tox|[from] Stealth Rock\n|-ability|p1a: Landorus|Intimidate|boost\n|-unboost|p2a: Hippowdon|atk|1\n|move|p2a: Hippowdon|Slack Off|p2a: Hippowdon\n|-heal|p2a: Hippowdon|100\/100 tox\n|\n|-weather|Sandstorm|[upkeep]\n|-heal|p1a: Landorus|23\/100 tox|[from] item: Leftovers\n|-damage|p1a: Landorus|17\/100 tox|[from] psn\n|-damage|p2a: Hippowdon|94\/100 tox|[from] psn\n|upkeep\n|turn|77\n|\n|t:|1647885147\n|move|p1a: Landorus|Earthquake|p2a: Hippowdon\n|-damage|p2a: Hippowdon|63\/100 tox\n|move|p2a: Hippowdon|Slack Off|p2a: Hippowdon\n|-heal|p2a: Hippowdon|100\/100 tox\n|\n|-weather|Sandstorm|[upkeep]\n|-heal|p1a: Landorus|23\/100 tox|[from] item: Leftovers\n|-damage|p1a: Landorus|11\/100 tox|[from] psn\n|-damage|p2a: Hippowdon|88\/100 tox|[from] psn\n|upkeep\n|turn|78\n|\n|t:|1647885150\n|move|p1a: Landorus|Earthquake|p2a: Hippowdon\n|-damage|p2a: Hippowdon|55\/100 tox\n|move|p2a: Hippowdon|Slack Off|p2a: Hippowdon\n|-heal|p2a: Hippowdon|100\/100 tox\n|\n|-weather|Sandstorm|[upkeep]\n|-heal|p1a: Landorus|17\/100 tox|[from] item: Leftovers\n|-damage|p1a: Landorus|0 fnt|[from] psn\n|faint|p1a: Landorus\n|-damage|p2a: Hippowdon|82\/100 tox|[from] psn\n|upkeep\n|\n|t:|1647885152\n|switch|p1a: Slowbro|Slowbro, M|66\/100 tox\n|-damage|p1a: Slowbro|53\/100 tox|[from] Stealth Rock\n|turn|79\n|\n|t:|1647885156\n|switch|p2a: Toxapex|Toxapex, F, shiny|100\/100 brn\n|-damage|p2a: Toxapex|88\/100 brn|[from] Stealth Rock\n|move|p1a: Slowbro|Slack Off|p1a: Slowbro\n|-heal|p1a: Slowbro|100\/100 tox\n|\n|-weather|Sandstorm|[upkeep]\n|-damage|p2a: Toxapex|82\/100 brn|[from] Sandstorm\n|-damage|p1a: Slowbro|94\/100 tox|[from] Sandstorm\n|-damage|p1a: Slowbro|88\/100 tox|[from] psn\n|-damage|p2a: Toxapex|75\/100 brn|[from] brn\n|upkeep\n|turn|80\n|\n|t:|1647885164\n|move|p2a: Toxapex|Knock Off|p1a: Slowbro\n|-supereffective|p1a: Slowbro\n|-damage|p1a: Slowbro|82\/100 tox\n|move|p1a: Slowbro|Future Sight|p2a: Toxapex\n|-start|p1a: Slowbro|move: Future Sight\n|\n|-weather|none\n|-damage|p1a: Slowbro|70\/100 tox|[from] psn\n|-damage|p2a: Toxapex|69\/100 brn|[from] brn\n|upkeep\n|turn|81\n|\n|t:|1647885168\n|switch|p2a: Hippowdon|Hippowdon, F|82\/100 tox\n|-damage|p2a: Hippowdon|76\/100 tox|[from] Stealth Rock\n|-weather|Sandstorm|[from] ability: Sand Stream|[of] p2a: Hippowdon\n|move|p1a: Slowbro|Teleport|p1a: Slowbro\n|\n|t:|1647885171\n|switch|p1a: Zeraora|Zeraora|17\/100|[from]move: Teleport\n|\n|-weather|Sandstorm|[upkeep]\n|-damage|p1a: Zeraora|11\/100|[from] Sandstorm\n|-damage|p2a: Hippowdon|70\/100 tox|[from] psn\n|upkeep\n|turn|82\n|\n|t:|1647885175\n|move|p1a: Zeraora|Close Combat|p2a: Hippowdon\n|-damage|p2a: Hippowdon|43\/100 tox\n|-unboost|p1a: Zeraora|def|1\n|-unboost|p1a: Zeraora|spd|1\n|move|p2a: Hippowdon|Slack Off|p2a: Hippowdon\n|-heal|p2a: Hippowdon|93\/100 tox\n|\n|-weather|Sandstorm|[upkeep]\n|-damage|p1a: Zeraora|5\/100|[from] Sandstorm\n|-end|p2a: Hippowdon|move: Future Sight\n|-damage|p2a: Hippowdon|64\/100 tox\n|-damage|p2a: Hippowdon|52\/100 tox|[from] psn\n|upkeep\n|turn|83\n|\n|t:|1647885180\n|switch|p1a: Slowbro|Slowbro, M|100\/100 tox\n|-damage|p1a: Slowbro|88\/100 tox|[from] Stealth Rock\n|move|p2a: Hippowdon|Slack Off|p2a: Hippowdon\n|-heal|p2a: Hippowdon|100\/100 tox\n|\n|-weather|Sandstorm|[upkeep]\n|-damage|p1a: Slowbro|82\/100 tox|[from] Sandstorm\n|-damage|p2a: Hippowdon|82\/100 tox|[from] psn\n|-damage|p1a: Slowbro|76\/100 tox|[from] psn\n|upkeep\n|turn|84\n|\n|t:|1647885183\n|switch|p2a: Toxapex|Toxapex, F, shiny|100\/100 brn\n|-damage|p2a: Toxapex|88\/100 brn|[from] Stealth Rock\n|move|p1a: Slowbro|Future Sight|p2a: Toxapex\n|-start|p1a: Slowbro|move: Future Sight\n|\n|-weather|Sandstorm|[upkeep]\n|-damage|p2a: Toxapex|82\/100 brn|[from] Sandstorm\n|-damage|p1a: Slowbro|70\/100 tox|[from] Sandstorm\n|-damage|p1a: Slowbro|57\/100 tox|[from] psn\n|-damage|p2a: Toxapex|75\/100 brn|[from] brn\n|upkeep\n|turn|85\n|\n|t:|1647885190\n|move|p2a: Toxapex|Recover|p2a: Toxapex\n|-heal|p2a: Toxapex|100\/100 brn\n|move|p1a: Slowbro|Slack Off|p1a: Slowbro\n|-heal|p1a: Slowbro|100\/100 tox\n|\n|-weather|none\n|-damage|p1a: Slowbro|82\/100 tox|[from] psn\n|-damage|p2a: Toxapex|94\/100 brn|[from] brn\n|upkeep\n|turn|86\n|\n|t:|1647885194\n|switch|p2a: Hippowdon|Hippowdon, F|82\/100 tox\n|-damage|p2a: Hippowdon|76\/100 tox|[from] Stealth Rock\n|-weather|Sandstorm|[from] ability: Sand Stream|[of] p2a: Hippowdon\n|move|p1a: Slowbro|Scald|p2a: Hippowdon\n|-supereffective|p2a: Hippowdon\n|-damage|p2a: Hippowdon|37\/100 tox\n|\n|-weather|Sandstorm|[upkeep]\n|-damage|p1a: Slowbro|76\/100 tox|[from] Sandstorm\n|-end|p2a: Hippowdon|move: Future Sight\n|-damage|p2a: Hippowdon|9\/100 tox\n|-damage|p2a: Hippowdon|2\/100 tox|[from] psn\n|-damage|p1a: Slowbro|52\/100 tox|[from] psn\n|upkeep\n|turn|87\n|\n|t:|1647885197\n|move|p2a: Hippowdon|Slack Off|p2a: Hippowdon\n|-heal|p2a: Hippowdon|52\/100 tox\n|move|p1a: Slowbro|Scald|p2a: Hippowdon\n|-supereffective|p2a: Hippowdon\n|-damage|p2a: Hippowdon|15\/100 tox\n|\n|-weather|Sandstorm|[upkeep]\n|-damage|p1a: Slowbro|46\/100 tox|[from] Sandstorm\n|-damage|p2a: Hippowdon|3\/100 tox|[from] psn\n|-damage|p1a: Slowbro|15\/100 tox|[from] psn\n|upkeep\n|turn|88\n|\n|t:|1647885210\n|move|p2a: Hippowdon|Earthquake|p1a: Slowbro\n|-damage|p1a: Slowbro|0 fnt\n|faint|p1a: Slowbro\n|\n|-weather|Sandstorm|[upkeep]\n|-damage|p2a: Hippowdon|0 fnt|[from] psn\n|faint|p2a: Hippowdon\n|upkeep\n|\n|t:|1647885213\n|switch|p2a: Toxapex|Toxapex, F, shiny|100\/100 brn\n|switch|p1a: Zeraora|Zeraora|5\/100\n|-damage|p2a: Toxapex|88\/100 brn|[from] Stealth Rock\n|turn|89\n|\n|t:|1647885217\n|move|p1a: Zeraora|Plasma Fists|p2a: Toxapex\n|-supereffective|p2a: Toxapex\n|-damage|p2a: Toxapex|25\/100 brn\n|-fieldactivate|move: Ion Deluge\n|-hint|Normal-type moves become Electric-type after using Plasma Fists.\n|move|p2a: Toxapex|Knock Off|p1a: Zeraora\n|-damage|p1a: Zeraora|0 fnt\n|-enditem|p1a: Zeraora|Heavy-Duty Boots|[from] move: Knock Off|[of] p2a: Toxapex\n|faint|p1a: Zeraora\n|\n|win|Guest 7021179\n|raw|enpathy's rating: 1713 &rarr; <strong>1698<\/strong><br \/>(-15 for losing)\n|raw|Guest 7021179's rating: 1793 &rarr; <strong>1808<\/strong><br \/>(+15 for winning)\n|c|\u203dGuest 7021179|\/log Guest 7021179 made this room public.\n|l|\u2606enpathy\n||Ladder isn't responding, score probably updated but might not have (Request timeout).\n","uploadtime":1647885225,"views":69,"p1id":"enpathy","p2id":"guest7021179","formatid":"gen8ou","rating":1698,"private":0,"password":null}