{"id":"gen8ou-1672294849","p1":"golden grafter","p2":"Maitredouard2","format":"gen8ou","log":"|j|\u2606golden grafter\n|j|\u2606Maitredouard2\n|t:|1664354306\n|gametype|singles\n|player|p1|golden grafter|169|1636\n|player|p2|Maitredouard2|lance|1702\n|teamsize|p1|6\n|teamsize|p2|6\n|gen|8\n|tier|[Gen 8] OU\n|rated|\n|rule|Sleep Clause Mod: Limit one foe put to sleep\n|rule|Species Clause: Limit one of each Pok\u00e9mon\n|rule|OHKO Clause: OHKO moves are banned\n|rule|Evasion Items Clause: Evasion items are banned\n|rule|Evasion Moves Clause: Evasion moves are banned\n|rule|Endless Battle Clause: Forcing endless battles is banned\n|rule|HP Percentage Mod: HP is shown in percentages\n|rule|Dynamax Clause: You cannot dynamax\n|clearpoke\n|poke|p1|Ferrothorn, F|\n|poke|p1|Rotom-Wash|\n|poke|p1|Tyranitar, F|\n|poke|p1|Excadrill, M|\n|poke|p1|Clefable, M|\n|poke|p1|Dragapult, M|\n|poke|p2|Mandibuzz, F|\n|poke|p2|Landorus-Therian, M|\n|poke|p2|Blissey, F|\n|poke|p2|Heatran, F|\n|poke|p2|Toxapex, M|\n|poke|p2|Tapu Lele|\n|teampreview\n|inactive|Battle timer is ON: inactive players will automatically lose when time's up. (requested by golden grafter)\n|\n|t:|1664354326\n|start\n|switch|p1a: Clefable|Clefable, M|100\/100\n|switch|p2a: Tapu Lele|Tapu Lele|100\/100\n|-fieldstart|move: Psychic Terrain|[from] ability: Psychic Surge|[of] p2a: Tapu Lele\n|turn|1\n|\n|t:|1664354334\n|move|p2a: Tapu Lele|Psyshock|p1a: Clefable\n|-damage|p1a: Clefable|36\/100\n|move|p1a: Clefable|Soft-Boiled|p1a: Clefable\n|-heal|p1a: Clefable|86\/100\n|\n|upkeep\n|turn|2\n|\n|t:|1664354342\n|switch|p2a: Heatran|Heatran, F|100\/100\n|-item|p2a: Heatran|Air Balloon\n|move|p1a: Clefable|Stealth Rock|p2a: Heatran\n|-sidestart|p2: Maitredouard2|move: Stealth Rock\n|\n|upkeep\n|turn|3\n|\n|t:|1664354348\n|switch|p1a: Rotom|Rotom-Wash|100\/100\n|move|p2a: Heatran|Stealth Rock|p1a: Rotom\n|-sidestart|p1: golden grafter|move: Stealth Rock\n|\n|upkeep\n|turn|4\n|\n|t:|1664354357\n|switch|p2a: Landorus|Landorus-Therian, M|100\/100\n|-damage|p2a: Landorus|88\/100|[from] Stealth Rock\n|-ability|p2a: Landorus|Intimidate|boost\n|-unboost|p1a: Rotom|atk|1\n|move|p1a: Rotom|Volt Switch|p2a: Landorus\n|-immune|p2a: Landorus\n|\n|upkeep\n|turn|5\n|\n|t:|1664354366\n|move|p2a: Landorus|Explosion|p1a: Rotom\n|-damage|p1a: Rotom|5\/100\n|faint|p2a: Landorus\n|move|p1a: Rotom|Hydro Pump|p2: Landorus|[notarget]\n|-fail|p1a: Rotom\n|\n|-heal|p1a: Rotom|11\/100|[from] item: Leftovers\n|-fieldend|move: Psychic Terrain\n|upkeep\n|\n|t:|1664354375\n|switch|p2a: Tapu Lele|Tapu Lele|100\/100\n|-damage|p2a: Tapu Lele|88\/100|[from] Stealth Rock\n|-fieldstart|move: Psychic Terrain|[from] ability: Psychic Surge|[of] p2a: Tapu Lele\n|turn|6\n|inactive|golden grafter has 120 seconds left.\n|\n|t:|1664354410\n|move|p2a: Tapu Lele|Focus Blast|p1a: Rotom\n|-damage|p1a: Rotom|0 fnt\n|faint|p1a: Rotom\n|\n|upkeep\n|\n|t:|1664354413\n|switch|p1a: Dragapult|Dragapult, M|100\/100\n|-damage|p1a: Dragapult|88\/100|[from] Stealth Rock\n|turn|7\n|\n|t:|1664354419\n|switch|p2a: Mandibuzz|Mandibuzz, F|100\/100\n|move|p1a: Dragapult|U-turn|p2a: Mandibuzz\n|-damage|p2a: Mandibuzz|89\/100\n|j| Mr. Bag Getter\n|\n|t:|1664354424\n|switch|p1a: Tyranitar|Tyranitar, F|100\/100|[from]move: U-turn\n|-damage|p1a: Tyranitar|88\/100|[from] Stealth Rock\n|-weather|Sandstorm|[from] ability: Sand Stream|[of] p1a: Tyranitar\n|\n|-weather|Sandstorm|[upkeep]\n|upkeep\n|turn|8\n|\n|t:|1664354432\n|move|p1a: Tyranitar|Stone Edge|p2a: Mandibuzz\n|-supereffective|p2a: Mandibuzz\n|-damage|p2a: Mandibuzz|0 fnt\n|faint|p2a: Mandibuzz\n|\n|-weather|Sandstorm|[upkeep]\n|upkeep\n|l| Mr. Bag Getter\n|\n|t:|1664354438\n|switch|p2a: Tapu Lele|Tapu Lele|88\/100\n|-damage|p2a: Tapu Lele|76\/100|[from] Stealth Rock\n|turn|9\n|\n|t:|1664354445\n|switch|p1a: Ferrothorn|Ferrothorn, F|100\/100\n|-damage|p1a: Ferrothorn|94\/100|[from] Stealth Rock\n|move|p2a: Tapu Lele|Focus Blast|p1a: Ferrothorn\n|-supereffective|p1a: Ferrothorn\n|-damage|p1a: Ferrothorn|0 fnt\n|faint|p1a: Ferrothorn\n|\n|-weather|Sandstorm|[upkeep]\n|-damage|p2a: Tapu Lele|70\/100|[from] Sandstorm\n|upkeep\n|\n|t:|1664354448\n|switch|p1a: Dragapult|Dragapult, M|88\/100\n|-damage|p1a: Dragapult|76\/100|[from] Stealth Rock\n|turn|10\n|\n|t:|1664354461\n|switch|p2a: Toxapex|Toxapex, M|100\/100\n|-damage|p2a: Toxapex|88\/100|[from] Stealth Rock\n|move|p1a: Dragapult|U-turn|p2a: Toxapex\n|-resisted|p2a: Toxapex\n|-damage|p2a: Toxapex|83\/100\n|-damage|p1a: Dragapult|59\/100|[from] item: Rocky Helmet|[of] p2a: Toxapex\n|\n|t:|1664354466\n|switch|p1a: Excadrill|Excadrill, M|100\/100|[from]move: U-turn\n|-damage|p1a: Excadrill|97\/100|[from] Stealth Rock\n|\n|-weather|Sandstorm|[upkeep]\n|-damage|p2a: Toxapex|76\/100|[from] Sandstorm\n|-heal|p1a: Excadrill|100\/100|[from] item: Leftovers\n|-fieldend|move: Psychic Terrain\n|upkeep\n|turn|11\n|\n|t:|1664354476\n|move|p1a: Excadrill|Rapid Spin|p2a: Toxapex\n|-damage|p2a: Toxapex|65\/100\n|-boost|p1a: Excadrill|spe|1\n|-damage|p1a: Excadrill|84\/100|[from] item: Rocky Helmet|[of] p2a: Toxapex\n|-sideend|p1: golden grafter|Stealth Rock|[from] move: Rapid Spin|[of] p1a: Excadrill\n|move|p2a: Toxapex|Scald|p1a: Excadrill\n|-supereffective|p1a: Excadrill\n|-damage|p1a: Excadrill|40\/100\n|\n|-weather|none\n|-heal|p1a: Excadrill|46\/100|[from] item: Leftovers\n|upkeep\n|turn|12\n|\n|t:|1664354488\n|move|p1a: Excadrill|Iron Head|p2a: Toxapex\n|-resisted|p2a: Toxapex\n|-damage|p2a: Toxapex|50\/100\n|-damage|p1a: Excadrill|30\/100|[from] item: Rocky Helmet|[of] p2a: Toxapex\n|cant|p2a: Toxapex|flinch\n|\n|-heal|p1a: Excadrill|36\/100|[from] item: Leftovers\n|upkeep\n|turn|13\n|\n|t:|1664354497\n|move|p1a: Excadrill|Iron Head|p2a: Toxapex\n|-resisted|p2a: Toxapex\n|-damage|p2a: Toxapex|36\/100\n|-damage|p1a: Excadrill|19\/100|[from] item: Rocky Helmet|[of] p2a: Toxapex\n|move|p2a: Toxapex|Scald|p1a: Excadrill\n|-supereffective|p1a: Excadrill\n|-damage|p1a: Excadrill|0 fnt\n|faint|p1a: Excadrill\n|\n|upkeep\n|c|\u2606golden grafter|WHAT THE FUCK ATE YOU DOING\n|n|\u203dgolden grafter|goldengrafter\n|c|&|\/log golden grafter was locked from talking by Artemis for a week (\u2606golden grafter: WHAT THE FUCK ATE YOU DOING)\n|c|&|\/raw <small>This action was done automatically. Want to learn more about the AI? <a href=\"https:\/\/www.smogon.com\/forums\/threads\/3570628\/#post-9056769\">Visit the information thread<\/a>.<\/small>\n|\n|t:|1664354510\n|switch|p1a: Tyranitar|Tyranitar, F|88\/100\n|-weather|Sandstorm|[from] ability: Sand Stream|[of] p1a: Tyranitar\n|turn|14\n|\n|t:|1664354515\n|switch|p2a: Blissey|Blissey, F|100\/100\n|move|p1a: Tyranitar|Crunch|p2a: Blissey\n|-damage|p2a: Blissey|43\/100\n|\n|-weather|Sandstorm|[upkeep]\n|-damage|p2a: Blissey|37\/100|[from] Sandstorm\n|upkeep\n|turn|15\n|\n|t:|1664354525\n|switch|p2a: Toxapex|Toxapex, M|70\/100\n|-damage|p2a: Toxapex|57\/100|[from] Stealth Rock\n|move|p1a: Tyranitar|Crunch|p2a: Toxapex\n|-damage|p2a: Toxapex|12\/100\n|-unboost|p2a: Toxapex|def|1\n|-damage|p1a: Tyranitar|72\/100|[from] item: Rocky Helmet|[of] p2a: Toxapex\n|\n|-weather|Sandstorm|[upkeep]\n|-damage|p2a: Toxapex|6\/100|[from] Sandstorm\n|upkeep\n|turn|16\n|\n|t:|1664354536\n|move|p1a: Tyranitar|Crunch|p2a: Toxapex\n|-damage|p2a: Toxapex|0 fnt\n|-damage|p1a: Tyranitar|55\/100|[from] item: Rocky Helmet|[of] p2a: Toxapex\n|faint|p2a: Toxapex\n|\n|-weather|Sandstorm|[upkeep]\n|upkeep\n|n|\u2606golden grafter|goldengrafter\n|\n|t:|1664354544\n|switch|p2a: Tapu Lele|Tapu Lele|70\/100\n|-damage|p2a: Tapu Lele|57\/100|[from] Stealth Rock\n|-fieldstart|move: Psychic Terrain|[from] ability: Psychic Surge|[of] p2a: Tapu Lele\n|turn|17\n|\n|t:|1664354549\n|switch|p1a: Clefable|Clefable, M|86\/100\n|move|p2a: Tapu Lele|Moonblast|p1a: Clefable\n|-damage|p1a: Clefable|11\/100\n|-unboost|p1a: Clefable|spa|1\n|\n|-weather|Sandstorm|[upkeep]\n|-damage|p2a: Tapu Lele|51\/100|[from] Sandstorm\n|upkeep\n|turn|18\n|\n|t:|1664354559\n|move|p2a: Tapu Lele|Moonblast|p1a: Clefable\n|-damage|p1a: Clefable|0 fnt\n|faint|p1a: Clefable\n|\n|-weather|none\n|upkeep\n|\n|t:|1664354565\n|switch|p1a: Dragapult|Dragapult, M|59\/100\n|turn|19\n|\n|t:|1664354572\n|switch|p2a: Heatran|Heatran, F|100\/100\n|-damage|p2a: Heatran|88\/100|[from] Stealth Rock\n|-item|p2a: Heatran|Air Balloon\n|move|p1a: Dragapult|Shadow Ball|p2a: Heatran\n|-damage|p2a: Heatran|37\/100\n|-enditem|p2a: Heatran|Air Balloon\n|\n|upkeep\n|turn|20\n|\n|t:|1664354581\n|switch|p1a: Tyranitar|Tyranitar, F|55\/100\n|-weather|Sandstorm|[from] ability: Sand Stream|[of] p1a: Tyranitar\n|move|p2a: Heatran|Earth Power|p1a: Tyranitar\n|-supereffective|p1a: Tyranitar\n|-damage|p1a: Tyranitar|10\/100\n|\n|-weather|Sandstorm|[upkeep]\n|upkeep\n|turn|21\n|\n|t:|1664354591\n|move|p1a: Tyranitar|Crunch|p2a: Heatran\n|-damage|p2a: Heatran|0 fnt\n|faint|p2a: Heatran\n|\n|-weather|Sandstorm|[upkeep]\n|-fieldend|move: Psychic Terrain\n|upkeep\n|\n|t:|1664354597\n|switch|p2a: Tapu Lele|Tapu Lele|51\/100\n|-damage|p2a: Tapu Lele|39\/100|[from] Stealth Rock\n|-fieldstart|move: Psychic Terrain|[from] ability: Psychic Surge|[of] p2a: Tapu Lele\n|turn|22\n|inactive|golden grafter has 120 seconds left.\n|\n|t:|1664354637\n|move|p2a: Tapu Lele|Moonblast|p1a: Tyranitar\n|-supereffective|p1a: Tyranitar\n|-damage|p1a: Tyranitar|0 fnt\n|faint|p1a: Tyranitar\n|\n|-weather|Sandstorm|[upkeep]\n|-damage|p2a: Tapu Lele|33\/100|[from] Sandstorm\n|upkeep\n|\n|t:|1664354639\n|switch|p1a: Dragapult|Dragapult, M|59\/100\n|turn|23\n|\n|t:|1664354647\n|move|p1a: Dragapult|Flamethrower|p2a: Tapu Lele\n|-damage|p2a: Tapu Lele|0 fnt\n|faint|p2a: Tapu Lele\n|\n|-weather|Sandstorm|[upkeep]\n|-damage|p1a: Dragapult|53\/100|[from] Sandstorm\n|upkeep\n|\n|t:|1664354654\n|switch|p2a: Blissey|Blissey, F|37\/100\n|turn|24\n|\n|t:|1664354657\n|move|p1a: Dragapult|Flamethrower|p2a: Blissey\n|-damage|p2a: Blissey|22\/100\n|-status|p2a: Blissey|brn\n|move|p2a: Blissey|Soft-Boiled|p2a: Blissey\n|-heal|p2a: Blissey|72\/100 brn\n|\n|-weather|none\n|-damage|p2a: Blissey|66\/100 brn|[from] brn\n|upkeep\n|turn|25\n|\n|t:|1664354667\n|move|p1a: Dragapult|Flamethrower|p2a: Blissey\n|-damage|p2a: Blissey|50\/100 brn\n|move|p2a: Blissey|Toxic|p1a: Dragapult\n|-status|p1a: Dragapult|tox\n|\n|-damage|p1a: Dragapult|48\/100 tox|[from] psn\n|-damage|p2a: Blissey|43\/100 brn|[from] brn\n|upkeep\n|turn|26\n|-message|golden grafter forfeited.\n|\n|win|Maitredouard2\n|raw|golden grafter's rating: 1636 &rarr; <strong>1620<\/strong><br \/>(-16 for losing)\n|raw|Maitredouard2's rating: 1702 &rarr; <strong>1718<\/strong><br \/>(+16 for winning)\n|l|\u2606golden grafter\n","uploadtime":1664354507,"views":8,"p1id":"goldengrafter","p2id":"maitredouard2","formatid":"gen8ou","rating":1620,"private":0,"password":null}