{"id":"gen8ou-1175284593","p1":"ogTFlame","p2":"Ayante","format":"gen8ou","log":"|j|\u2606ogTFlame\n|j|\u2606Ayante\n|inactive|Battle timer is ON: inactive players will automatically lose when time's up.\n|t:|1598385435\n|player|p1|ogTFlame|lucas|\n|player|p2|Ayante|koga|\n|teamsize|p1|6\n|teamsize|p2|6\n|gametype|singles\n|gen|8\n|tier|[Gen 8] OU\n|rated|Tournament battle\n|clearpoke\n|poke|p1|Volcarona, F|\n|poke|p1|Diggersby, M|\n|poke|p1|Darmanitan, M|\n|poke|p1|Kommo-o, M|\n|poke|p1|Urshifu-*, M|\n|poke|p1|Corviknight, M|\n|poke|p2|Rillaboom, M|\n|poke|p2|Scizor, M|\n|poke|p2|Urshifu-*, M|\n|poke|p2|Zeraora|\n|poke|p2|Kyurem|\n|poke|p2|Primarina, F|\n|rule|Sleep Clause Mod: Limit one foe put to sleep\n|rule|Species Clause: Limit one of each Pok\u00e9mon\n|rule|OHKO Clause: OHKO moves are banned\n|rule|Evasion Moves Clause: Evasion moves are banned\n|rule|Endless Battle Clause: Forcing endless battles is banned\n|rule|HP Percentage Mod: HP is shown in percentages\n|rule|Dynamax Clause: You cannot dynamax\n|teampreview\n|inactive|ogTFlame also wants the timer to be on.\n|\n|t:|1598385455\n|start\n|switch|p1a: Mixtape|Darmanitan, M|100\/100\n|switch|p2a: Zeraora|Zeraora|100\/100\n|turn|1\n|\n|t:|1598385464\n|move|p1a: Mixtape|Flare Blitz|p2a: Zeraora\n|-damage|p2a: Zeraora|0 fnt\n|-damage|p1a: Mixtape|71\/100|[from] Recoil\n|faint|p2a: Zeraora\n|\n|upkeep\n|\n|t:|1598385480\n|switch|p2a: Primarina|Primarina, F|100\/100\n|turn|2\n|\n|t:|1598385488\n|switch|p1a: Good Knight|Corviknight, M|100\/100\n|-ability|p1a: Good Knight|Pressure\n|move|p2a: Primarina|Substitute|p2a: Primarina\n|-start|p2a: Primarina|Substitute\n|-damage|p2a: Primarina|76\/100\n|\n|-heal|p2a: Primarina|82\/100|[from] item: Leftovers\n|upkeep\n|turn|3\n|\n|t:|1598385498\n|move|p1a: Good Knight|Brave Bird|p2a: Primarina\n|-end|p2a: Primarina|Substitute\n|-damage|p1a: Good Knight|93\/100|[from] Recoil|[of] p2a: Primarina\n|move|p2a: Primarina|Calm Mind|p2a: Primarina\n|-boost|p2a: Primarina|spa|1\n|-boost|p2a: Primarina|spd|1\n|\n|-heal|p2a: Primarina|88\/100|[from] item: Leftovers\n|upkeep\n|turn|4\n|\n|t:|1598385508\n|move|p1a: Good Knight|Brave Bird|p2a: Primarina\n|-damage|p2a: Primarina|59\/100\n|-damage|p1a: Good Knight|84\/100|[from] Recoil\n|move|p2a: Primarina|Scald|p1a: Good Knight\n|-damage|p1a: Good Knight|50\/100\n|\n|-heal|p2a: Primarina|65\/100|[from] item: Leftovers\n|upkeep\n|turn|5\n|\n|t:|1598385520\n|move|p1a: Good Knight|Brave Bird|p2a: Primarina\n|-damage|p2a: Primarina|34\/100\n|-damage|p1a: Good Knight|41\/100|[from] Recoil\n|move|p2a: Primarina|Scald|p1a: Good Knight\n|-damage|p1a: Good Knight|4\/100\n|\n|-heal|p2a: Primarina|40\/100|[from] item: Leftovers\n|upkeep\n|turn|6\n|\n|t:|1598385534\n|switch|p2a: Scizor|Scizor, M|100\/100\n|move|p1a: Good Knight|Brave Bird|p2a: Scizor\n|-damage|p2a: Scizor|68\/100\n|-damage|p1a: Good Knight|0 fnt|[from] Recoil\n|faint|p1a: Good Knight\n|\n|upkeep\n|\n|t:|1598385539\n|switch|p1a: K\u00f3mmo Est\u00e1s|Kommo-o, M|100\/100\n|turn|7\n|\n|t:|1598385546\n|move|p1a: K\u00f3mmo Est\u00e1s|Stealth Rock|p2a: Scizor\n|-sidestart|p2: Ayante|move: Stealth Rock\n|move|p2a: Scizor|Swords Dance|p2a: Scizor\n|-boost|p2a: Scizor|atk|2\n|\n|upkeep\n|turn|8\n|\n|t:|1598385552\n|move|p1a: K\u00f3mmo Est\u00e1s|Body Press|p2a: Scizor\n|-damage|p2a: Scizor|25\/100\n|move|p2a: Scizor|Defog|p1a: K\u00f3mmo Est\u00e1s\n|-unboost|p1a: K\u00f3mmo Est\u00e1s|evasion|1\n|-sideend|p2: Ayante|Stealth Rock|[from] move: Defog|[of] p2a: Scizor\n|\n|upkeep\n|turn|9\n|\n|t:|1598385559\n|move|p1a: K\u00f3mmo Est\u00e1s|Body Press|p2a: Scizor\n|-damage|p2a: Scizor|0 fnt\n|faint|p2a: Scizor\n|\n|upkeep\n|\n|t:|1598385565\n|switch|p2a: Primarina|Primarina, F|40\/100\n|turn|10\n|\n|t:|1598385591\n|move|p1a: K\u00f3mmo Est\u00e1s|Thunder Punch|p2a: Primarina\n|-supereffective|p2a: Primarina\n|-damage|p2a: Primarina|8\/100\n|move|p2a: Primarina|Draining Kiss|p1a: K\u00f3mmo Est\u00e1s\n|-supereffective|p1a: K\u00f3mmo Est\u00e1s\n|-damage|p1a: K\u00f3mmo Est\u00e1s|21\/100\n|-heal|p2a: Primarina|66\/100|[from] drain|[of] p1a: K\u00f3mmo Est\u00e1s\n|\n|-heal|p1a: K\u00f3mmo Est\u00e1s|28\/100|[from] item: Leftovers\n|-heal|p2a: Primarina|72\/100|[from] item: Leftovers\n|upkeep\n|turn|11\n|c|\u2606ogTFlame|o shit I thought that would do more\n|\n|t:|1598385603\n|move|p1a: K\u00f3mmo Est\u00e1s|Thunder Punch|p2a: Primarina\n|-supereffective|p2a: Primarina\n|-damage|p2a: Primarina|42\/100\n|move|p2a: Primarina|Draining Kiss|p1a: K\u00f3mmo Est\u00e1s\n|-supereffective|p1a: K\u00f3mmo Est\u00e1s\n|-damage|p1a: K\u00f3mmo Est\u00e1s|0 fnt\n|-heal|p2a: Primarina|62\/100|[from] drain|[of] p1a: K\u00f3mmo Est\u00e1s\n|faint|p1a: K\u00f3mmo Est\u00e1s\n|\n|-heal|p2a: Primarina|68\/100|[from] item: Leftovers\n|upkeep\n|\n|t:|1598385608\n|switch|p1a: Bad Bunny|Diggersby, M|100\/100\n|turn|12\n|inactive|Ayante has 120 seconds left.\n|\n|t:|1598385638\n|switch|p2a: Rillaboom|Rillaboom, M|100\/100\n|-fieldstart|move: Grassy Terrain|[from] ability: Grassy Surge|[of] p2a: Rillaboom\n|move|p1a: Bad Bunny|Earthquake|p2a: Rillaboom\n|-resisted|p2a: Rillaboom\n|-damage|p2a: Rillaboom|78\/100\n|-damage|p1a: Bad Bunny|91\/100|[from] item: Life Orb\n|\n|-heal|p1a: Bad Bunny|97\/100|[from] Grassy Terrain\n|-heal|p2a: Rillaboom|84\/100|[from] Grassy Terrain\n|upkeep\n|turn|13\n|inactive|Ayante has 120 seconds left.\n|\n|t:|1598385657\n|switch|p1a: Caronavirus|Volcarona, F|100\/100\n|move|p2a: Rillaboom|Knock Off|p1a: Caronavirus\n|-damage|p1a: Caronavirus|12\/100\n|-status|p2a: Rillaboom|brn|[from] ability: Flame Body|[of] p1a: Caronavirus\n|-enditem|p1a: Caronavirus|Heavy-Duty Boots|[from] move: Knock Off|[of] p2a: Rillaboom\n|\n|-heal|p1a: Caronavirus|19\/100|[from] Grassy Terrain\n|-heal|p2a: Rillaboom|90\/100 brn|[from] Grassy Terrain\n|-damage|p2a: Rillaboom|84\/100 brn|[from] brn\n|upkeep\n|turn|14\n|c|\u2606ogTFlame|sorry\n|inactive|Ayante has 120 seconds left.\n|\n|t:|1598385669\n|move|p1a: Caronavirus|Fiery Dance|p2a: Rillaboom\n|-supereffective|p2a: Rillaboom\n|-damage|p2a: Rillaboom|0 fnt\n|-boost|p1a: Caronavirus|spa|1\n|faint|p2a: Rillaboom\n|\n|-heal|p1a: Caronavirus|25\/100|[from] Grassy Terrain\n|upkeep\n|\n|t:|1598385679\n|switch|p2a: Urshifu|Urshifu, M|100\/100\n|turn|15\n|\n|t:|1598385684\n|move|p2a: Urshifu|Wicked Blow|p1a: Caronavirus\n|-crit|p1a: Caronavirus\n|-damage|p1a: Caronavirus|0 fnt\n|faint|p1a: Caronavirus\n|\n|upkeep\n|\n|t:|1598385687\n|switch|p1a: YBN Cordae|Urshifu, M|100\/100\n|turn|16\n|\n|t:|1598385701\n|switch|p2a: Kyurem|Kyurem|100\/100\n|-ability|p2a: Kyurem|Pressure\n|move|p1a: YBN Cordae|Bulk Up|p1a: YBN Cordae\n|-boost|p1a: YBN Cordae|atk|1\n|-boost|p1a: YBN Cordae|def|1\n|\n|-fieldend|move: Grassy Terrain\n|upkeep\n|turn|17\n|\n|t:|1598385711\n|move|p1a: YBN Cordae|Wicked Blow|p2a: Kyurem\n|-crit|p2a: Kyurem\n|-damage|p2a: Kyurem|0 fnt\n|-damage|p1a: YBN Cordae|91\/100|[from] item: Life Orb\n|faint|p2a: Kyurem\n|\n|upkeep\n|\n|t:|1598385717\n|switch|p2a: Primarina|Primarina, F|68\/100\n|turn|18\n|\n|t:|1598385725\n|move|p1a: YBN Cordae|Poison Jab|p2a: Primarina\n|-supereffective|p2a: Primarina\n|-damage|p2a: Primarina|0 fnt\n|-damage|p1a: YBN Cordae|81\/100|[from] item: Life Orb\n|faint|p2a: Primarina\n|\n|upkeep\n|c|\u2606ogTFlame|I think I just lose to shifu\n|\n|t:|1598385731\n|switch|p2a: Urshifu|Urshifu, M|100\/100\n|turn|19\n|c|\u2606ogTFlame|cuz you're scarf right\n|\n|t:|1598385741\n|move|p1a: YBN Cordae|Sucker Punch|p2a: Urshifu\n|-resisted|p2a: Urshifu\n|-damage|p2a: Urshifu|83\/100\n|-damage|p1a: YBN Cordae|71\/100|[from] item: Life Orb\n|move|p2a: Urshifu|Close Combat|p1a: YBN Cordae\n|-supereffective|p1a: YBN Cordae\n|-damage|p1a: YBN Cordae|0 fnt\n|-unboost|p2a: Urshifu|def|1\n|-unboost|p2a: Urshifu|spd|1\n|faint|p1a: YBN Cordae\n|\n|upkeep\n|\n|t:|1598385744\n|switch|p1a: Mixtape|Darmanitan, M|71\/100\n|turn|20\n|\n|t:|1598385754\n|move|p2a: Urshifu|Close Combat|p1a: Mixtape\n|-damage|p1a: Mixtape|0 fnt\n|-unboost|p2a: Urshifu|def|1\n|-unboost|p2a: Urshifu|spd|1\n|faint|p1a: Mixtape\n|\n|upkeep\n|\n|t:|1598385758\n|switch|p1a: Bad Bunny|Diggersby, M|97\/100\n|turn|21\n|\n|t:|1598385763\n|move|p1a: Bad Bunny|Quick Attack|p2a: Urshifu\n|-damage|p2a: Urshifu|12\/100\n|-damage|p1a: Bad Bunny|87\/100|[from] item: Life Orb\n|move|p2a: Urshifu|Close Combat|p1a: Bad Bunny\n|-supereffective|p1a: Bad Bunny\n|-damage|p1a: Bad Bunny|0 fnt\n|-unboost|p2a: Urshifu|def|1\n|-unboost|p2a: Urshifu|spd|1\n|faint|p1a: Bad Bunny\n|\n|win|Ayante\n|c|\u2606ogTFlame|gg\n|c|\u2606Ayante|Gg\n","uploadtime":1598385789,"views":47,"p1id":"ogtflame","p2id":"ayante","formatid":"gen8ou","rating":0,"private":0,"password":null}