{"id":"gen8ou-1689205274","p1":"SuperTheoryBros","p2":"outd xurkitree","format":"gen8ou","log":"|html|<div class=\"broadcast-blue\"><strong>[Gen 8] OU is currently suspecting Melmetal! For information on how to participate check out the <a href=\"https:\/\/www.smogon.com\/forums\/threads\/np-ss-ou-suspect-process-round-12-monster-mash.3709234\/\">suspect thread<\/a>.<\/strong><\/div>\n|j|\u2606SuperTheoryBros\n|j|\u2606outd xurkitree\n|t:|1666142345\n|gametype|singles\n|player|p1|SuperTheoryBros|102|1570\n|player|p2|outd xurkitree|engineer-gen3|1576\n|teamsize|p1|6\n|teamsize|p2|6\n|gen|8\n|tier|[Gen 8] OU\n|rated|\n|rule|Sleep Clause Mod: Limit one foe put to sleep\n|rule|Species Clause: Limit one of each Pok\u00e9mon\n|rule|OHKO Clause: OHKO moves are banned\n|rule|Evasion Items Clause: Evasion items are banned\n|rule|Evasion Moves Clause: Evasion moves are banned\n|rule|Endless Battle Clause: Forcing endless battles is banned\n|rule|HP Percentage Mod: HP is shown in percentages\n|rule|Dynamax Clause: You cannot dynamax\n|clearpoke\n|poke|p1|Pelipper, F|\n|poke|p1|Tapu Lele|\n|poke|p1|Barraskewda, F|\n|poke|p1|Dhelmise|\n|poke|p1|Heliolisk, F|\n|poke|p1|Steelix, F|\n|poke|p2|Xurkitree|\n|poke|p2|Slowbro, M|\n|poke|p2|Rillaboom, M|\n|poke|p2|Melmetal|\n|poke|p2|Tornadus-Therian, M|\n|poke|p2|Landorus-Therian, M|\n|teampreview\n|\n|t:|1666142363\n|start\n|switch|p1a: Pelipper|Pelipper, F|100\/100\n|switch|p2a: christmas lights|Xurkitree, shiny|100\/100\n|-weather|RainDance|[from] ability: Drizzle|[of] p1a: Pelipper\n|turn|1\n|\n|t:|1666142373\n|switch|p1a: Heliolisk|Heliolisk, F|100\/100\n|move|p2a: christmas lights|Energy Ball|p1a: Heliolisk\n|-damage|p1a: Heliolisk|57\/100\n|\n|-weather|RainDance|[upkeep]\n|-heal|p1a: Heliolisk|70\/100|[from] ability: Dry Skin\n|upkeep\n|turn|2\n|\n|t:|1666142386\n|move|p1a: Heliolisk|Volt Switch|p2a: christmas lights\n|-resisted|p2a: christmas lights\n|-damage|p2a: christmas lights|76\/100\n|\n|t:|1666142397\n|switch|p1a: Steelix|Steelix, F|100\/100|[from]move: Volt Switch\n|move|p2a: christmas lights|Volt Switch|p1a: Steelix\n|-immune|p1a: Steelix\n|\n|-weather|RainDance|[upkeep]\n|upkeep\n|turn|3\n|\n|t:|1666142407\n|switch|p2a: homosexual|Slowbro, M|100\/100\n|move|p1a: Steelix|Stealth Rock|p2a: homosexual\n|-sidestart|p2: outd xurkitree|move: Stealth Rock\n|\n|-weather|RainDance|[upkeep]\n|upkeep\n|turn|4\n|\n|t:|1666142418\n|switch|p1a: Tapu Lele|Tapu Lele|100\/100\n|-fieldstart|move: Psychic Terrain|[from] ability: Psychic Surge|[of] p1a: Tapu Lele\n|move|p2a: homosexual|Flamethrower|p1a: Tapu Lele\n|-damage|p1a: Tapu Lele|93\/100\n|\n|-weather|RainDance|[upkeep]\n|upkeep\n|turn|5\n|\n|t:|1666142426\n|switch|p2a: wife beater|Melmetal|100\/100\n|-damage|p2a: wife beater|94\/100|[from] Stealth Rock\n|move|p1a: Tapu Lele|Thunder|p2a: wife beater\n|-damage|p2a: wife beater|62\/100\n|\n|-weather|RainDance|[upkeep]\n|-heal|p2a: wife beater|68\/100|[from] item: Leftovers\n|upkeep\n|turn|6\n|\n|t:|1666142439\n|switch|p1a: Steelix|Steelix, F|100\/100\n|move|p2a: wife beater|Superpower|p1a: Steelix\n|-supereffective|p1a: Steelix\n|-damage|p1a: Steelix|66\/100\n|-unboost|p2a: wife beater|atk|1\n|-unboost|p2a: wife beater|def|1\n|\n|-weather|RainDance|[upkeep]\n|-heal|p2a: wife beater|74\/100|[from] item: Leftovers\n|-heal|p1a: Steelix|72\/100|[from] item: Leftovers\n|upkeep\n|turn|7\n|\n|t:|1666142462\n|switch|p1a: Dhelmise|Dhelmise|100\/100\n|move|p2a: wife beater|Protect||[still]\n|-fail|p2a: wife beater\n|\n|-weather|RainDance|[upkeep]\n|-heal|p2a: wife beater|80\/100|[from] item: Leftovers\n|upkeep\n|turn|8\n|\n|t:|1666142472\n|move|p2a: wife beater|Toxic|p1a: Dhelmise\n|-status|p1a: Dhelmise|tox\n|move|p1a: Dhelmise|Anchor Shot|p2a: wife beater\n|-resisted|p2a: wife beater\n|-damage|p2a: wife beater|68\/100\n|-activate|p2a: wife beater|trapped\n|\n|-weather|none\n|-heal|p2a: wife beater|74\/100|[from] item: Leftovers\n|-damage|p1a: Dhelmise|94\/100 tox|[from] psn\n|-fieldend|move: Psychic Terrain\n|upkeep\n|turn|9\n|\n|t:|1666142486\n|move|p2a: wife beater|Double Iron Bash|p1a: Dhelmise\n|-damage|p1a: Dhelmise|78\/100 tox\n|-damage|p2a: wife beater|58\/100|[from] item: Rocky Helmet|[of] p1a: Dhelmise\n|-damage|p1a: Dhelmise|62\/100 tox\n|-damage|p2a: wife beater|41\/100|[from] item: Rocky Helmet|[of] p1a: Dhelmise\n|-hitcount|p1a: Dhelmise|2\n|cant|p1a: Dhelmise|flinch\n|\n|-heal|p2a: wife beater|47\/100|[from] item: Leftovers\n|-damage|p1a: Dhelmise|50\/100 tox|[from] psn\n|upkeep\n|turn|10\n|\n|t:|1666142500\n|move|p2a: wife beater|Protect|p2a: wife beater\n|-singleturn|p2a: wife beater|Protect\n|move|p1a: Dhelmise|Rest|p1a: Dhelmise\n|-status|p1a: Dhelmise|slp|[from] move: Rest\n|-heal|p1a: Dhelmise|100\/100 slp|[silent]\n|\n|-heal|p2a: wife beater|53\/100|[from] item: Leftovers\n|upkeep\n|turn|11\n|\n|t:|1666142508\n|move|p2a: wife beater|Double Iron Bash|p1a: Dhelmise\n|-damage|p1a: Dhelmise|84\/100 slp\n|-damage|p2a: wife beater|37\/100|[from] item: Rocky Helmet|[of] p1a: Dhelmise\n|-damage|p1a: Dhelmise|70\/100 slp\n|-damage|p2a: wife beater|20\/100|[from] item: Rocky Helmet|[of] p1a: Dhelmise\n|-hitcount|p1a: Dhelmise|2\n|cant|p1a: Dhelmise|slp\n|\n|-heal|p2a: wife beater|26\/100|[from] item: Leftovers\n|upkeep\n|turn|12\n|j| Maghreb\n|c|\u2606outd xurkitree|lol\n|\n|t:|1666142519\n|move|p2a: wife beater|Double Iron Bash|p1a: Dhelmise\n|-damage|p1a: Dhelmise|54\/100 slp\n|-damage|p2a: wife beater|10\/100|[from] item: Rocky Helmet|[of] p1a: Dhelmise\n|-damage|p1a: Dhelmise|37\/100 slp\n|-damage|p2a: wife beater|0 fnt|[from] item: Rocky Helmet|[of] p1a: Dhelmise\n|faint|p2a: wife beater\n|-hitcount|p1a: Dhelmise|2\n|cant|p1a: Dhelmise|slp\n|\n|upkeep\n|\n|t:|1666142533\n|switch|p2a: missing hurricane|Tornadus-Therian, M|100\/100\n|-damage|p2a: missing hurricane|76\/100|[from] Stealth Rock\n|turn|13\n|\n|t:|1666142545\n|switch|p1a: Pelipper|Pelipper, F|100\/100\n|-weather|RainDance|[from] ability: Drizzle|[of] p1a: Pelipper\n|move|p2a: missing hurricane|Hurricane|p1a: Pelipper\n|-damage|p1a: Pelipper|46\/100\n|\n|-weather|RainDance|[upkeep]\n|upkeep\n|turn|14\n|j| phantausm\n|\n|t:|1666142578\n|switch|p1a: Heliolisk|Heliolisk, F|70\/100\n|move|p2a: missing hurricane|Icy Wind|p1a: Heliolisk\n|-damage|p1a: Heliolisk|57\/100\n|-unboost|p1a: Heliolisk|spe|1\n|\n|-weather|RainDance|[upkeep]\n|-heal|p1a: Heliolisk|70\/100|[from] ability: Dry Skin\n|upkeep\n|turn|15\n|\n|t:|1666142594\n|move|p2a: missing hurricane|Knock Off|p1a: Heliolisk\n|-damage|p1a: Heliolisk|23\/100\n|-enditem|p1a: Heliolisk|Assault Vest|[from] move: Knock Off|[of] p2a: missing hurricane\n|move|p1a: Heliolisk|Volt Switch|p2a: missing hurricane\n|-supereffective|p2a: missing hurricane\n|-damage|p2a: missing hurricane|38\/100\n|\n|t:|1666142603\n|switch|p1a: Barraskewda|Barraskewda, F|100\/100|[from]move: Volt Switch\n|\n|-weather|RainDance|[upkeep]\n|upkeep\n|turn|16\n|\n|t:|1666142610\n|switch|p2a: homosexual|Slowbro, M|100\/100\n|-damage|p2a: homosexual|88\/100|[from] Stealth Rock\n|move|p1a: Barraskewda|Flip Turn|p2a: homosexual\n|-resisted|p2a: homosexual\n|-damage|p2a: homosexual|65\/100\n|-damage|p1a: Barraskewda|84\/100|[from] item: Rocky Helmet|[of] p2a: homosexual\n|\n|t:|1666142618\n|switch|p1a: Heliolisk|Heliolisk, F|23\/100|[from]move: Flip Turn\n|\n|-weather|RainDance|[upkeep]\n|-heal|p1a: Heliolisk|35\/100|[from] ability: Dry Skin\n|upkeep\n|turn|17\n|\n|t:|1666142632\n|switch|p2a: domestic violence|Rillaboom, M|100\/100\n|-damage|p2a: domestic violence|88\/100|[from] Stealth Rock\n|-fieldstart|move: Grassy Terrain|[from] ability: Grassy Surge|[of] p2a: domestic violence\n|move|p1a: Heliolisk|Volt Switch|p2a: domestic violence\n|-resisted|p2a: domestic violence\n|-crit|p2a: domestic violence\n|-damage|p2a: domestic violence|58\/100\n|\n|t:|1666142635\n|switch|p1a: Tapu Lele|Tapu Lele|93\/100|[from]move: Volt Switch\n|-fieldstart|move: Psychic Terrain|[from] ability: Psychic Surge|[of] p1a: Tapu Lele\n|\n|-weather|RainDance|[upkeep]\n|upkeep\n|turn|18\n|\n|t:|1666142653\n|switch|p2a: homosexual|Slowbro, M|98\/100\n|-damage|p2a: homosexual|86\/100|[from] Stealth Rock\n|move|p1a: Tapu Lele|Moonblast|p2a: homosexual\n|-damage|p2a: homosexual|25\/100\n|\n|-weather|RainDance|[upkeep]\n|upkeep\n|turn|19\n|\n|t:|1666142666\n|switch|p2a: missing hurricane|Tornadus-Therian, M|71\/100\n|-damage|p2a: missing hurricane|46\/100|[from] Stealth Rock\n|move|p1a: Tapu Lele|Thunder|p2a: missing hurricane\n|-supereffective|p2a: missing hurricane\n|-damage|p2a: missing hurricane|0 fnt\n|faint|p2a: missing hurricane\n|\n|-weather|RainDance|[upkeep]\n|upkeep\n|\n|t:|1666142669\n|switch|p2a: domestic violence|Rillaboom, M|58\/100\n|-damage|p2a: domestic violence|46\/100|[from] Stealth Rock\n|-fieldstart|move: Grassy Terrain|[from] ability: Grassy Surge|[of] p2a: domestic violence\n|turn|20\n|\n|t:|1666142703\n|switch|p1a: Dhelmise|Dhelmise|37\/100 slp\n|move|p2a: domestic violence|Wood Hammer|p1a: Dhelmise\n|-resisted|p1a: Dhelmise\n|-damage|p1a: Dhelmise|0 fnt\n|-damage|p2a: domestic violence|29\/100|[from] item: Rocky Helmet|[of] p1a: Dhelmise\n|faint|p1a: Dhelmise\n|-damage|p2a: domestic violence|17\/100|[from] Recoil\n|\n|-weather|none\n|-heal|p2a: domestic violence|24\/100|[from] Grassy Terrain\n|upkeep\n|\n|t:|1666142713\n|switch|p1a: Tapu Lele|Tapu Lele|93\/100\n|-fieldstart|move: Psychic Terrain|[from] ability: Psychic Surge|[of] p1a: Tapu Lele\n|turn|21\n|\n|t:|1666142721\n|switch|p2a: hi|Landorus-Therian, M|100\/100\n|-damage|p2a: hi|88\/100|[from] Stealth Rock\n|-ability|p2a: hi|Intimidate|boost\n|-unboost|p1a: Tapu Lele|atk|1\n|move|p1a: Tapu Lele|Moonblast|p2a: hi\n|-damage|p2a: hi|46\/100\n|-unboost|p2a: hi|spa|1\n|\n|-heal|p2a: hi|52\/100|[from] item: Leftovers\n|upkeep\n|turn|22\n|\n|t:|1666142742\n|switch|p1a: Pelipper|Pelipper, F|46\/100\n|-weather|RainDance|[from] ability: Drizzle|[of] p1a: Pelipper\n|move|p2a: hi|Defog|p1a: Pelipper\n|-unboost|p1a: Pelipper|evasion|1\n|-sideend|p2: outd xurkitree|Stealth Rock|[from] move: Defog|[of] p2a: hi\n|-fieldend|move: Psychic Terrain\n|\n|-weather|RainDance|[upkeep]\n|-heal|p2a: hi|58\/100|[from] item: Leftovers\n|upkeep\n|turn|23\n|\n|t:|1666142763\n|switch|p2a: homosexual|Slowbro, M|58\/100\n|move|p1a: Pelipper|Scald|p2a: homosexual\n|-resisted|p2a: homosexual\n|-damage|p2a: homosexual|38\/100\n|\n|-weather|RainDance|[upkeep]\n|upkeep\n|turn|24\n|\n|t:|1666142774\n|move|p1a: Pelipper|Hurricane|p2a: homosexual\n|-damage|p2a: homosexual|1\/100\n|move|p2a: homosexual|Teleport|p2a: homosexual\n|\n|t:|1666142780\n|switch|p2a: christmas lights|Xurkitree, shiny|76\/100|[from]move: Teleport\n|\n|-weather|RainDance|[upkeep]\n|upkeep\n|turn|25\n|\n|t:|1666142791\n|switch|p1a: Steelix|Steelix, F|72\/100\n|move|p2a: christmas lights|Energy Ball|p1a: Steelix\n|-damage|p1a: Steelix|27\/100\n|-unboost|p1a: Steelix|spd|1\n|\n|-weather|RainDance|[upkeep]\n|-heal|p1a: Steelix|34\/100|[from] item: Leftovers\n|upkeep\n|turn|26\n|\n|t:|1666142820\n|switch|p1a: Heliolisk|Heliolisk, F|35\/100\n|move|p2a: christmas lights|Energy Ball|p1a: Heliolisk\n|-damage|p1a: Heliolisk|0 fnt\n|faint|p1a: Heliolisk\n|-ability|p2a: christmas lights|Beast Boost|boost\n|-boost|p2a: christmas lights|spa|1\n|\n|-weather|RainDance|[upkeep]\n|upkeep\n|\n|t:|1666142823\n|switch|p1a: Barraskewda|Barraskewda, F|84\/100\n|turn|27\n|\n|t:|1666142833\n|switch|p2a: hi|Landorus-Therian, M|58\/100\n|-ability|p2a: hi|Intimidate|boost\n|-unboost|p1a: Barraskewda|atk|1\n|move|p1a: Barraskewda|Flip Turn|p2a: hi\n|-supereffective|p2a: hi\n|-damage|p2a: hi|0 fnt\n|faint|p2a: hi\n|\n|t:|1666142840\n|switch|p1a: Steelix|Steelix, F|34\/100|[from]move: Flip Turn\n|\n|-weather|RainDance|[upkeep]\n|-heal|p1a: Steelix|40\/100|[from] item: Leftovers\n|upkeep\n|\n|t:|1666142843\n|switch|p2a: homosexual|Slowbro, M|34\/100\n|turn|28\n|\n|t:|1666142866\n|switch|p1a: Tapu Lele|Tapu Lele|93\/100\n|-fieldstart|move: Psychic Terrain|[from] ability: Psychic Surge|[of] p1a: Tapu Lele\n|move|p2a: homosexual|Slack Off|p2a: homosexual\n|-heal|p2a: homosexual|84\/100\n|\n|-weather|RainDance|[upkeep]\n|upkeep\n|turn|29\n|\n|t:|1666142878\n|move|p1a: Tapu Lele|Moonblast|p2a: homosexual\n|-damage|p2a: homosexual|31\/100\n|move|p2a: homosexual|Teleport|p2a: homosexual\n|\n|t:|1666142880\n|switch|p2a: domestic violence|Rillaboom, M|24\/100|[from]move: Teleport\n|-fieldstart|move: Grassy Terrain|[from] ability: Grassy Surge|[of] p2a: domestic violence\n|\n|-weather|none\n|-heal|p1a: Tapu Lele|99\/100|[from] Grassy Terrain\n|-heal|p2a: domestic violence|30\/100|[from] Grassy Terrain\n|upkeep\n|turn|30\n|\n|t:|1666142899\n|switch|p1a: Pelipper|Pelipper, F|46\/100\n|-weather|RainDance|[from] ability: Drizzle|[of] p1a: Pelipper\n|move|p2a: domestic violence|Grassy Glide|p1a: Pelipper\n|-crit|p1a: Pelipper\n|-damage|p1a: Pelipper|0 fnt\n|faint|p1a: Pelipper\n|\n|-weather|RainDance|[upkeep]\n|-heal|p2a: domestic violence|36\/100|[from] Grassy Terrain\n|upkeep\n|\n|t:|1666142905\n|switch|p1a: Tapu Lele|Tapu Lele|99\/100\n|-fieldstart|move: Psychic Terrain|[from] ability: Psychic Surge|[of] p1a: Tapu Lele\n|turn|31\n|\n|t:|1666142924\n|switch|p2a: homosexual|Slowbro, M|65\/100\n|move|p1a: Tapu Lele|Moonblast|p2a: homosexual\n|-damage|p2a: homosexual|13\/100\n|\n|-weather|RainDance|[upkeep]\n|upkeep\n|turn|32\n|inactive|Battle timer is ON: inactive players will automatically lose when time's up. (requested by SuperTheoryBros)\n|\n|t:|1666142932\n|switch|p2a: christmas lights|Xurkitree, shiny|76\/100\n|move|p1a: Tapu Lele|Moonblast|p2a: christmas lights\n|-damage|p2a: christmas lights|2\/100\n|-unboost|p2a: christmas lights|spa|1\n|\n|-weather|RainDance|[upkeep]\n|upkeep\n|turn|33\n|\n|t:|1666142946\n|move|p1a: Tapu Lele|Moonblast|p2a: christmas lights\n|-damage|p2a: christmas lights|0 fnt\n|faint|p2a: christmas lights\n|\n|-weather|RainDance|[upkeep]\n|upkeep\n|\n|t:|1666142948\n|switch|p2a: domestic violence|Rillaboom, M|36\/100\n|-fieldstart|move: Grassy Terrain|[from] ability: Grassy Surge|[of] p2a: domestic violence\n|turn|34\n|\n|t:|1666142972\n|switch|p1a: Barraskewda|Barraskewda, F|84\/100\n|move|p2a: domestic violence|U-turn|p1a: Barraskewda\n|-damage|p1a: Barraskewda|5\/100\n|\n|t:|1666142974\n|switch|p2a: homosexual|Slowbro, M|46\/100|[from]move: U-turn\n|\n|-weather|RainDance|[upkeep]\n|-heal|p1a: Barraskewda|11\/100|[from] Grassy Terrain\n|-heal|p2a: homosexual|52\/100|[from] Grassy Terrain\n|upkeep\n|turn|35\n|\n|t:|1666142986\n|move|p1a: Barraskewda|Flip Turn|p2a: homosexual\n|-resisted|p2a: homosexual\n|-crit|p2a: homosexual\n|-damage|p2a: homosexual|21\/100\n|-damage|p1a: Barraskewda|0 fnt|[from] item: Rocky Helmet|[of] p2a: homosexual\n|faint|p1a: Barraskewda\n|move|p2a: homosexual|Teleport|p2a: homosexual\n|\n|t:|1666142991\n|switch|p2a: domestic violence|Rillaboom, M|36\/100|[from]move: Teleport\n|\n|-weather|RainDance|[upkeep]\n|-heal|p2a: domestic violence|42\/100|[from] Grassy Terrain\n|upkeep\n|l| Maghreb\n|\n|t:|1666142998\n|switch|p1a: Tapu Lele|Tapu Lele|99\/100\n|-fieldstart|move: Psychic Terrain|[from] ability: Psychic Surge|[of] p1a: Tapu Lele\n|turn|36\n|\n|t:|1666143005\n|switch|p2a: homosexual|Slowbro, M|54\/100\n|move|p1a: Tapu Lele|Moonblast|p2a: homosexual\n|-damage|p2a: homosexual|0 fnt\n|faint|p2a: homosexual\n|\n|-weather|RainDance|[upkeep]\n|upkeep\n|\n|t:|1666143006\n|switch|p2a: domestic violence|Rillaboom, M|42\/100\n|-fieldstart|move: Grassy Terrain|[from] ability: Grassy Surge|[of] p2a: domestic violence\n|turn|37\n|\n|t:|1666143011\n|switch|p1a: Steelix|Steelix, F|40\/100\n|move|p2a: domestic violence|Grassy Glide|p1a: Steelix\n|-damage|p1a: Steelix|0 fnt\n|faint|p1a: Steelix\n|\n|-weather|none\n|-heal|p2a: domestic violence|48\/100|[from] Grassy Terrain\n|upkeep\n|\n|t:|1666143014\n|switch|p1a: Tapu Lele|Tapu Lele|99\/100\n|-fieldstart|move: Psychic Terrain|[from] ability: Psychic Surge|[of] p1a: Tapu Lele\n|turn|38\n|\n|t:|1666143020\n|move|p1a: Tapu Lele|Moonblast|p2a: domestic violence\n|-damage|p2a: domestic violence|0 fnt\n|faint|p2a: domestic violence\n|\n|win|SuperTheoryBros\n|raw|SuperTheoryBros's rating: 1570 &rarr; <strong>1590<\/strong><br \/>(+20 for winning)\n|raw|outd xurkitree's rating: 1576 &rarr; <strong>1556<\/strong><br \/>(-20 for losing)\n|l|\u2606outd xurkitree\n||Ladder isn't responding, score probably updated but might not have (Request timeout).\n","uploadtime":1666143083,"views":8,"p1id":"supertheorybros","p2id":"outdxurkitree","formatid":"gen8ou","rating":1556,"private":0,"password":null}