{"id":"gen8ou-1694191715","p1":"toon arctozolt","p2":"minimax_ai","format":"gen8ou","log":"|html|<div class=\"broadcast-blue\"><strong>[Gen 8] OU is currently suspecting Melmetal! For information on how to participate check out the <a href=\"https:\/\/www.smogon.com\/forums\/threads\/np-ss-ou-suspect-process-round-12-monster-mash.3709234\/\">suspect thread<\/a>.<\/strong><\/div>\n|j|\u2606toon arctozolt\n|j|\u2606minimax_ai\n|t:|1666675060\n|gametype|singles\n|player|p1|toon arctozolt|harlequin|1742\n|player|p2|minimax_ai|lusamine-nihilego|1628\n|teamsize|p1|6\n|teamsize|p2|6\n|gen|8\n|tier|[Gen 8] OU\n|rated|\n|rule|Sleep Clause Mod: Limit one foe put to sleep\n|rule|Species Clause: Limit one of each Pok\u00e9mon\n|rule|OHKO Clause: OHKO moves are banned\n|rule|Evasion Items Clause: Evasion items are banned\n|rule|Evasion Moves Clause: Evasion moves are banned\n|rule|Endless Battle Clause: Forcing endless battles is banned\n|rule|HP Percentage Mod: HP is shown in percentages\n|rule|Dynamax Clause: You cannot dynamax\n|clearpoke\n|poke|p1|Pelipper, F|\n|poke|p1|Corviknight, M|\n|poke|p1|Inteleon, F|\n|poke|p1|Ferrothorn, M|\n|poke|p1|Barraskewda, M|\n|poke|p1|Seismitoad, M|\n|poke|p2|Rotom-Wash|\n|poke|p2|Weavile, M|\n|poke|p2|Landorus-Therian, M|\n|poke|p2|Heatran, M|\n|poke|p2|Tangrowth, M|\n|poke|p2|Melmetal|\n|teampreview\n|inactive|Battle timer is ON: inactive players will automatically lose when time's up. (requested by toon arctozolt)\n|c|\u2606minimax_ai|hf\n|inactive|minimax_ai also wants the timer to be on.\n|j| Skinnybiscuit\n|\n|t:|1666675066\n|start\n|switch|p1a: Ferrothorn|Ferrothorn, M|100\/100\n|switch|p2a: Tangrowth|Tangrowth, M|100\/100\n|turn|1\n|\n|t:|1666675068\n|move|p2a: Tangrowth|Focus Blast|p1a: Ferrothorn\n|-supereffective|p1a: Ferrothorn\n|-damage|p1a: Ferrothorn|59\/100\n|move|p1a: Ferrothorn|Knock Off|p2a: Tangrowth\n|-damage|p2a: Tangrowth|90\/100\n|-damage|p1a: Ferrothorn|43\/100|[from] item: Rocky Helmet|[of] p2a: Tangrowth\n|-enditem|p2a: Tangrowth|Rocky Helmet|[from] move: Knock Off|[of] p1a: Ferrothorn\n|\n|-heal|p1a: Ferrothorn|49\/100|[from] item: Leftovers\n|upkeep\n|turn|2\n|\n|t:|1666675071\n|move|p2a: Tangrowth|Focus Blast|p1a: Ferrothorn\n|-supereffective|p1a: Ferrothorn\n|-damage|p1a: Ferrothorn|10\/100\n|move|p1a: Ferrothorn|Stealth Rock|p2a: Tangrowth\n|-sidestart|p2: minimax_ai|move: Stealth Rock\n|\n|-heal|p1a: Ferrothorn|16\/100|[from] item: Leftovers\n|upkeep\n|turn|3\n|\n|t:|1666675075\n|switch|p1a: Pelipper|Pelipper, F|100\/100\n|-weather|RainDance|[from] ability: Drizzle|[of] p1a: Pelipper\n|move|p2a: Tangrowth|Giga Drain|p1a: Pelipper\n|-damage|p1a: Pelipper|58\/100\n|-heal|p2a: Tangrowth|100\/100|[from] drain|[of] p1a: Pelipper\n|\n|-weather|RainDance|[upkeep]\n|upkeep\n|turn|4\n|\n|t:|1666675078\n|switch|p2a: Melmetal|Melmetal|100\/100\n|-damage|p2a: Melmetal|94\/100|[from] Stealth Rock\n|move|p1a: Pelipper|Scald|p2a: Melmetal\n|-damage|p2a: Melmetal|71\/100\n|-status|p2a: Melmetal|brn\n|\n|-weather|RainDance|[upkeep]\n|-damage|p2a: Melmetal|65\/100 brn|[from] brn\n|upkeep\n|turn|5\n|\n|t:|1666675080\n|move|p1a: Pelipper|U-turn|p2a: Melmetal\n|-resisted|p2a: Melmetal\n|-damage|p2a: Melmetal|63\/100 brn\n|\n|t:|1666675081\n|switch|p1a: Corviknight|Corviknight, M|100\/100|[from]move: U-turn\n|-ability|p1a: Corviknight|Pressure\n|move|p2a: Melmetal|Thunder Punch|p1a: Corviknight\n|-supereffective|p1a: Corviknight\n|-damage|p1a: Corviknight|81\/100\n|-damage|p2a: Melmetal|46\/100 brn|[from] item: Rocky Helmet|[of] p1a: Corviknight\n|\n|-weather|RainDance|[upkeep]\n|-damage|p2a: Melmetal|40\/100 brn|[from] brn\n|upkeep\n|turn|6\n|\n|t:|1666675083\n|switch|p2a: rotomwash|Rotom-Wash|100\/100\n|-damage|p2a: rotomwash|88\/100|[from] Stealth Rock\n|move|p1a: Corviknight|U-turn|p2a: rotomwash\n|-damage|p2a: rotomwash|74\/100\n|\n|t:|1666675088\n|switch|p1a: Barraskewda|Barraskewda, M|100\/100|[from]move: U-turn\n|\n|-weather|RainDance|[upkeep]\n|-heal|p2a: rotomwash|80\/100|[from] item: Leftovers\n|upkeep\n|turn|7\n|\n|t:|1666675089\n|move|p1a: Barraskewda|Flip Turn|p2a: rotomwash\n|-resisted|p2a: rotomwash\n|-damage|p2a: rotomwash|44\/100\n|\n|t:|1666675093\n|switch|p1a: Ferrothorn|Ferrothorn, M|16\/100|[from]move: Flip Turn\n|move|p2a: rotomwash|Thunderbolt|p1a: Ferrothorn\n|-resisted|p1a: Ferrothorn\n|-damage|p1a: Ferrothorn|4\/100\n|\n|-weather|RainDance|[upkeep]\n|-heal|p2a: rotomwash|50\/100|[from] item: Leftovers\n|-heal|p1a: Ferrothorn|10\/100|[from] item: Leftovers\n|upkeep\n|turn|8\n|\n|t:|1666675098\n|switch|p1a: Barraskewda|Barraskewda, M|100\/100\n|move|p2a: rotomwash|Hydro Pump|p1a: Barraskewda\n|-resisted|p1a: Barraskewda\n|-damage|p1a: Barraskewda|31\/100\n|\n|-weather|RainDance|[upkeep]\n|-heal|p2a: rotomwash|56\/100|[from] item: Leftovers\n|upkeep\n|turn|9\n|\n|t:|1666675101\n|switch|p2a: Tangrowth|Tangrowth, M|100\/100\n|-damage|p2a: Tangrowth|88\/100|[from] Stealth Rock\n|move|p1a: Barraskewda|Flip Turn|p2a: Tangrowth\n|-resisted|p2a: Tangrowth\n|-damage|p2a: Tangrowth|70\/100\n|\n|t:|1666675104\n|switch|p1a: Inteleon|Inteleon, F|100\/100|[from]move: Flip Turn\n|\n|-weather|RainDance|[upkeep]\n|upkeep\n|turn|10\n|\n|t:|1666675108\n|switch|p2a: Melmetal|Melmetal|40\/100 brn\n|-damage|p2a: Melmetal|34\/100 brn|[from] Stealth Rock\n|move|p1a: Inteleon|Snipe Shot|p2a: Melmetal\n|-crit|p2a: Melmetal\n|-damage|p2a: Melmetal|0 fnt\n|faint|p2a: Melmetal\n|\n|-weather|none\n|upkeep\n|\n|t:|1666675109\n|switch|p2a: Weavile|Weavile, M|100\/100\n|-damage|p2a: Weavile|76\/100|[from] Stealth Rock\n|-ability|p2a: Weavile|Pressure\n|turn|11\n|\n|t:|1666675111\n|switch|p1a: Corviknight|Corviknight, M|81\/100\n|-ability|p1a: Corviknight|Pressure\n|move|p2a: Weavile|Triple Axel|p1a: Corviknight\n|-damage|p1a: Corviknight|71\/100\n|-damage|p2a: Weavile|59\/100|[from] item: Rocky Helmet|[of] p1a: Corviknight\n|-damage|p1a: Corviknight|54\/100\n|-damage|p2a: Weavile|43\/100|[from] item: Rocky Helmet|[of] p1a: Corviknight\n|-damage|p1a: Corviknight|26\/100\n|-damage|p2a: Weavile|26\/100|[from] item: Rocky Helmet|[of] p1a: Corviknight\n|-hitcount|p1a: Corviknight|3\n|\n|upkeep\n|turn|12\n|\n|t:|1666675114\n|move|p2a: Weavile|Triple Axel|p1a: Corviknight\n|-damage|p1a: Corviknight|17\/100\n|-damage|p2a: Weavile|10\/100|[from] item: Rocky Helmet|[of] p1a: Corviknight\n|-damage|p1a: Corviknight|0 fnt\n|-damage|p2a: Weavile|0 fnt|[from] item: Rocky Helmet|[of] p1a: Corviknight\n|faint|p1a: Corviknight\n|faint|p2a: Weavile\n|-hitcount|p1: Corviknight|2\n|\n|upkeep\n|\n|t:|1666675117\n|switch|p2a: rotomwash|Rotom-Wash|56\/100\n|switch|p1a: Pelipper|Pelipper, F|58\/100\n|-damage|p2a: rotomwash|44\/100|[from] Stealth Rock\n|-weather|RainDance|[from] ability: Drizzle|[of] p1a: Pelipper\n|turn|13\n|\n|t:|1666675119\n|switch|p1a: Ferrothorn|Ferrothorn, M|10\/100\n|move|p2a: rotomwash|Thunderbolt|p1a: Ferrothorn\n|-resisted|p1a: Ferrothorn\n|-damage|p1a: Ferrothorn|0 fnt\n|faint|p1a: Ferrothorn\n|\n|-weather|RainDance|[upkeep]\n|-heal|p2a: rotomwash|50\/100|[from] item: Leftovers\n|upkeep\n|\n|t:|1666675124\n|switch|p1a: Seismitoad|Seismitoad, M|100\/100\n|turn|14\n|\n|t:|1666675126\n|move|p1a: Seismitoad|Power Whip|p2a: rotomwash|[miss]\n|-miss|p1a: Seismitoad|p2a: rotomwash\n|move|p2a: rotomwash|Hydro Pump|p1a: Seismitoad\n|-damage|p1a: Seismitoad|26\/100\n|\n|-weather|RainDance|[upkeep]\n|-heal|p2a: rotomwash|56\/100|[from] item: Leftovers\n|upkeep\n|turn|15\n|\n|t:|1666675127\n|switch|p2a: Tangrowth|Tangrowth, M|100\/100\n|-damage|p2a: Tangrowth|88\/100|[from] Stealth Rock\n|move|p1a: Seismitoad|Power Whip|p2a: Tangrowth\n|-resisted|p2a: Tangrowth\n|-damage|p2a: Tangrowth|78\/100\n|-damage|p1a: Seismitoad|16\/100|[from] item: Life Orb\n|\n|-weather|RainDance|[upkeep]\n|upkeep\n|turn|16\n|\n|t:|1666675129\n|move|p1a: Seismitoad|Weather Ball|p2a: Tangrowth\n|-resisted|p2a: Tangrowth\n|-damage|p2a: Tangrowth|18\/100\n|-damage|p1a: Seismitoad|6\/100|[from] item: Life Orb\n|move|p2a: Tangrowth|Giga Drain|p1a: Seismitoad\n|-supereffective|p1a: Seismitoad\n|-damage|p1a: Seismitoad|0 fnt\n|-heal|p2a: Tangrowth|20\/100|[from] drain|[of] p1a: Seismitoad\n|faint|p1a: Seismitoad\n|\n|-weather|RainDance|[upkeep]\n|upkeep\n|\n|t:|1666675132\n|switch|p1a: Inteleon|Inteleon, F|100\/100\n|turn|17\n|\n|t:|1666675133\n|move|p1a: Inteleon|Snipe Shot|p2a: Tangrowth\n|-resisted|p2a: Tangrowth\n|-crit|p2a: Tangrowth\n|-damage|p2a: Tangrowth|0 fnt\n|faint|p2a: Tangrowth\n|\n|-weather|RainDance|[upkeep]\n|upkeep\n|\n|t:|1666675133\n|switch|p2a: rotomwash|Rotom-Wash|56\/100\n|-damage|p2a: rotomwash|44\/100|[from] Stealth Rock\n|turn|18\n|\n|t:|1666675136\n|move|p1a: Inteleon|Snipe Shot|p2a: rotomwash\n|-resisted|p2a: rotomwash\n|-damage|p2a: rotomwash|9\/100\n|move|p2a: rotomwash|Thunderbolt|p1a: Inteleon\n|-supereffective|p1a: Inteleon\n|-damage|p1a: Inteleon|0 fnt\n|faint|p1a: Inteleon\n|\n|-weather|RainDance|[upkeep]\n|-heal|p2a: rotomwash|16\/100|[from] item: Leftovers\n|upkeep\n|\n|t:|1666675139\n|switch|p1a: Barraskewda|Barraskewda, M|31\/100\n|turn|19\n|\n|t:|1666675141\n|move|p1a: Barraskewda|Liquidation|p2a: rotomwash\n|-resisted|p2a: rotomwash\n|-damage|p2a: rotomwash|0 fnt\n|faint|p2a: rotomwash\n|\n|-weather|RainDance|[upkeep]\n|upkeep\n|\n|t:|1666675141\n|switch|p2a: landorustherian|Landorus-Therian, M|100\/100\n|-damage|p2a: landorustherian|88\/100|[from] Stealth Rock\n|-ability|p2a: landorustherian|Intimidate|boost\n|-unboost|p1a: Barraskewda|atk|1\n|turn|20\n|\n|t:|1666675143\n|switch|p2a: Heatran|Heatran, M|100\/100\n|-damage|p2a: Heatran|88\/100|[from] Stealth Rock\n|-item|p2a: Heatran|Air Balloon\n|move|p1a: Barraskewda|Liquidation|p2a: Heatran\n|-supereffective|p2a: Heatran\n|-damage|p2a: Heatran|0 fnt\n|-enditem|p2a: Heatran|Air Balloon\n|faint|p2a: Heatran\n|\n|-weather|none\n|upkeep\n|\n|t:|1666675143\n|switch|p2a: landorustherian|Landorus-Therian, M|88\/100\n|-damage|p2a: landorustherian|76\/100|[from] Stealth Rock\n|-ability|p2a: landorustherian|Intimidate|boost\n|-unboost|p1a: Barraskewda|atk|1\n|turn|21\n|\n|t:|1666675145\n|switch|p1a: Pelipper|Pelipper, F|58\/100\n|-weather|RainDance|[from] ability: Drizzle|[of] p1a: Pelipper\n|move|p2a: landorustherian|U-turn|p1a: Pelipper\n|-resisted|p1a: Pelipper\n|-damage|p1a: Pelipper|50\/100\n|\n|-weather|RainDance|[upkeep]\n|-heal|p2a: landorustherian|82\/100|[from] item: Leftovers\n|upkeep\n|turn|22\n|\n|t:|1666675146\n|move|p2a: landorustherian|Toxic|p1a: Pelipper\n|-status|p1a: Pelipper|tox\n|move|p1a: Pelipper|Scald|p2a: landorustherian\n|-supereffective|p2a: landorustherian\n|-damage|p2a: landorustherian|25\/100\n|\n|-weather|RainDance|[upkeep]\n|-heal|p2a: landorustherian|31\/100|[from] item: Leftovers\n|-damage|p1a: Pelipper|44\/100 tox|[from] psn\n|upkeep\n|turn|23\n|\n|t:|1666675148\n|move|p2a: landorustherian|U-turn|p1a: Pelipper\n|-resisted|p1a: Pelipper\n|-damage|p1a: Pelipper|35\/100 tox\n|move|p1a: Pelipper|Scald|p2a: landorustherian\n|-supereffective|p2a: landorustherian\n|-damage|p2a: landorustherian|0 fnt\n|faint|p2a: landorustherian\n|\n|win|toon arctozolt\n|raw|toon arctozolt's rating: 1742 &rarr; <strong>1756<\/strong><br \/>(+14 for winning)\n|raw|minimax_ai's rating: 1628 &rarr; <strong>1614<\/strong><br \/>(-14 for losing)\n|c|\u2606minimax_ai|gg\n|l|\u2606minimax_ai\n","uploadtime":1666675149,"views":13,"p1id":"toonarctozolt","p2id":"minimaxai","formatid":"gen8ou","rating":1614,"private":0,"password":null}