{"id":"gen8ou-1264906942","p1":"lt71lxloic","p2":"Contorted Lies","format":"gen8ou","log":"|j|\u2606lt71lxloic\n|j|\u2606Contorted Lies\n|t:|1611008867\n|player|p1|lt71lxloic|zinnia|1974\n|player|p2|Contorted Lies|170|1949\n|teamsize|p1|6\n|teamsize|p2|6\n|gametype|singles\n|gen|8\n|tier|[Gen 8] OU\n|rated|\n|clearpoke\n|poke|p1|Urshifu-*, F|\n|poke|p1|Garchomp, M|\n|poke|p1|Heatran, M|\n|poke|p1|Mandibuzz, F|\n|poke|p1|Rillaboom, M|\n|poke|p1|Nihilego|\n|poke|p2|Crawdaunt, M|\n|poke|p2|Slowking-Galar, M|\n|poke|p2|Tornadus-Therian, M|\n|poke|p2|Mandibuzz, F|\n|poke|p2|Swampert, F|\n|poke|p2|Magearna|\n|rule|Sleep Clause Mod: Limit one foe put to sleep\n|rule|Species Clause: Limit one of each Pok\u00e9mon\n|rule|OHKO Clause: OHKO moves are banned\n|rule|Evasion Moves Clause: Evasion moves are banned\n|rule|Endless Battle Clause: Forcing endless battles is banned\n|rule|HP Percentage Mod: HP is shown in percentages\n|rule|Dynamax Clause: You cannot dynamax\n|teampreview\n|\n|t:|1611008896\n|start\n|switch|p1a: Rillaboom|Rillaboom, M|100\/100\n|switch|p2a: Swampert|Swampert, F|100\/100\n|-fieldstart|move: Grassy Terrain|[from] ability: Grassy Surge|[of] p1a: Rillaboom\n|turn|1\n|\n|t:|1611008902\n|switch|p2a: Mandibuzz|Mandibuzz, F|100\/100\n|move|p1a: Rillaboom|U-turn|p2a: Mandibuzz\n|-damage|p2a: Mandibuzz|78\/100\n|j| Azuma Adams\n|\n|t:|1611008907\n|switch|p1a: Heatran|Heatran, M|100\/100|[from]move: U-turn\n|\n|upkeep\n|turn|2\n|\n|t:|1611008911\n|switch|p2a: Swampert|Swampert, F|100\/100\n|move|p1a: Heatran|Magma Storm|p2a: Swampert\n|-resisted|p2a: Swampert\n|-crit|p2a: Swampert\n|-damage|p2a: Swampert|73\/100\n|-activate|p2a: Swampert|move: Magma Storm|[of] p1a: Heatran\n|\n|-heal|p2a: Swampert|79\/100|[from] Grassy Terrain\n|-heal|p2a: Swampert|85\/100|[from] item: Leftovers\n|-damage|p2a: Swampert|73\/100|[from] move: Magma Storm|[partiallytrapped]\n|upkeep\n|turn|3\n|\n|t:|1611008913\n|move|p1a: Heatran|Nature Power|p2a: Swampert\n|move|p1a: Heatran|Energy Ball|p2a: Swampert|[from]move: Nature Power\n|-supereffective|p2a: Swampert\n|-damage|p2a: Swampert|0 fnt\n|faint|p2a: Swampert\n|\n|upkeep\n|\n|t:|1611008921\n|switch|p2a: Tornadus|Tornadus-Therian, M|100\/100\n|turn|4\n|\n|t:|1611008927\n|move|p2a: Tornadus|Nasty Plot|p2a: Tornadus\n|-boost|p2a: Tornadus|spa|2\n|move|p1a: Heatran|Magma Storm|p2a: Tornadus\n|-damage|p2a: Tornadus|30\/100\n|-activate|p2a: Tornadus|move: Magma Storm|[of] p1a: Heatran\n|\n|-damage|p2a: Tornadus|18\/100|[from] move: Magma Storm|[partiallytrapped]\n|upkeep\n|turn|5\n|\n|t:|1611008938\n|switch|p1a: Nihilego|Nihilego|100\/100\n|move|p2a: Tornadus|Focus Blast|p1a: Nihilego\n|-damage|p1a: Nihilego|47\/100\n|\n|-heal|p1a: Nihilego|53\/100|[from] Grassy Terrain\n|-fieldend|move: Grassy Terrain\n|-end|p2a: Tornadus|Magma Storm|[partiallytrapped]|[silent]\n|upkeep\n|turn|6\n|\n|t:|1611008946\n|move|p2a: Tornadus|Focus Blast|p1a: Nihilego|[miss]\n|-miss|p2a: Tornadus|p1a: Nihilego\n|move|p1a: Nihilego|Knock Off|p2a: Tornadus\n|-damage|p2a: Tornadus|1\/100\n|-enditem|p2a: Tornadus|Heavy-Duty Boots|[from] move: Knock Off|[of] p1a: Nihilego\n|\n|upkeep\n|turn|7\n|j| Giga shrimps\n|\n|t:|1611008953\n|move|p2a: Tornadus|Focus Blast|p1a: Nihilego\n|-damage|p1a: Nihilego|4\/100\n|move|p1a: Nihilego|Knock Off|p2a: Tornadus\n|-damage|p2a: Tornadus|0 fnt\n|faint|p2a: Tornadus\n|-ability|p1a: Nihilego|Beast Boost|boost\n|-boost|p1a: Nihilego|spa|1\n|\n|upkeep\n|l|\u2606Contorted Lies\n|player|p2|\n|j| sword and sht\n|inactive|Battle timer is ON: inactive players will automatically lose when time's up. (requested by lt71lxloic)\n|inactive|Contorted Lies has 30 seconds to reconnect!\n|inactive|Contorted Lies has 20 seconds to reconnect!\n|l| Azuma Adams\n|inactive|Contorted Lies has 15 seconds to reconnect!\n|inactive|Contorted Lies has 10 seconds to reconnect!\n|inactive|Contorted Lies has 5 seconds to reconnect!\n|-message|Contorted Lies lost due to inactivity.\n|\n|win|lt71lxloic\n|l| sword and sht\n|l| Giga shrimps\n||Ladder (probably) updated, but score could not be retrieved (Request timeout).\n","uploadtime":1611009048,"views":105,"p1id":"lt71lxloic","p2id":"contortedlies","formatid":"gen8ou","rating":0,"private":0,"password":null}