{"id":"gen8ou-1558327628","p1":"stopthreat","p2":"Roger Goodell","format":"gen8ou","log":"|j|\u2606stopthreat\n|j|\u2606Roger Goodell\n|t:|1650559051\n|gametype|singles\n|player|p1|stopthreat|skier|1689\n|player|p2|Roger Goodell|harlequin|1717\n|teamsize|p1|6\n|teamsize|p2|6\n|gen|8\n|tier|[Gen 8] OU\n|rated|\n|rule|Sleep Clause Mod: Limit one foe put to sleep\n|rule|Species Clause: Limit one of each Pok\u00e9mon\n|rule|OHKO Clause: OHKO moves are banned\n|rule|Evasion Moves Clause: Evasion moves are banned\n|rule|Endless Battle Clause: Forcing endless battles is banned\n|rule|HP Percentage Mod: HP is shown in percentages\n|rule|Dynamax Clause: You cannot dynamax\n|clearpoke\n|poke|p1|Dragapult, F|\n|poke|p1|Clefable, F|\n|poke|p1|Crawdaunt, F|\n|poke|p1|Corviknight, M|\n|poke|p1|Heatran, F|\n|poke|p1|Gastrodon, F|\n|poke|p2|Obstagoon, F|\n|poke|p2|Heatran, M|\n|poke|p2|Landorus-Therian, M|\n|poke|p2|Volcanion|\n|poke|p2|Zeraora|\n|poke|p2|Clefable, M|\n|teampreview\n|inactive|Battle timer is ON: inactive players will automatically lose when time's up. (requested by Roger Goodell)\n|c|\u2606stopthreat|er\n|\n|t:|1650559061\n|start\n|switch|p1a: Clefable|Clefable, F|100\/100\n|switch|p2a: Landorus|Landorus-Therian, M|100\/100\n|-ability|p2a: Landorus|Intimidate|boost\n|-unboost|p1a: Clefable|atk|1\n|turn|1\n|\n|t:|1650559064\n|move|p1a: Clefable|Ice Beam|p2a: Landorus\n|-supereffective|p2a: Landorus\n|-damage|p2a: Landorus|0 fnt\n|faint|p2a: Landorus\n|\n|upkeep\n|\n|t:|1650559072\n|switch|p2a: Clefable|Clefable, M|100\/100\n|turn|2\n|\n|t:|1650559088\n|switch|p1a: Heatran|Heatran, F|100\/100\n|move|p2a: Clefable|Teleport|p2a: Clefable\n|\n|t:|1650559091\n|switch|p2a: Obstagoon|Obstagoon, F|100\/100|[from]move: Teleport\n|\n|-status|p2a: Obstagoon|brn|[from] item: Flame Orb\n|upkeep\n|turn|3\n|\n|t:|1650559097\n|switch|p1a: Corviknight|Corviknight, M|100\/100\n|-ability|p1a: Corviknight|Pressure\n|move|p2a: Obstagoon|Knock Off|p1a: Corviknight\n|-damage|p1a: Corviknight|49\/100\n|-damage|p2a: Obstagoon|84\/100 brn|[from] item: Rocky Helmet|[of] p1a: Corviknight\n|-enditem|p1a: Corviknight|Rocky Helmet|[from] move: Knock Off|[of] p2a: Obstagoon\n|\n|-damage|p2a: Obstagoon|78\/100 brn|[from] brn\n|upkeep\n|turn|4\n|\n|t:|1650559102\n|move|p2a: Obstagoon|Taunt|p1a: Corviknight\n|-start|p1a: Corviknight|move: Taunt\n|cant|p1a: Corviknight|move: Taunt|Roost\n|\n|-damage|p2a: Obstagoon|72\/100 brn|[from] brn\n|upkeep\n|turn|5\n|\n|t:|1650559104\n|switch|p2a: Clefable|Clefable, M|100\/100\n|move|p1a: Corviknight|U-turn|p2a: Clefable\n|-resisted|p2a: Clefable\n|-damage|p2a: Clefable|95\/100\n|-damage|p1a: Corviknight|33\/100|[from] item: Rocky Helmet|[of] p2a: Clefable\n|j| Amaja8\n|\n|t:|1650559108\n|switch|p1a: Heatran|Heatran, F|100\/100|[from]move: U-turn\n|\n|upkeep\n|turn|6\n|\n|t:|1650559112\n|switch|p2a: Heatran|Heatran, M|100\/100\n|-item|p2a: Heatran|Air Balloon\n|move|p1a: Heatran|Magma Storm|p2a: Heatran\n|-start|p2a: Heatran|ability: Flash Fire\n|\n|upkeep\n|turn|7\n|\n|t:|1650559118\n|switch|p1a: Gastrodon|Gastrodon, F|100\/100\n|move|p2a: Heatran|Eruption|p1a: Gastrodon\n|-resisted|p1a: Gastrodon\n|-damage|p1a: Gastrodon|46\/100\n|\n|-heal|p1a: Gastrodon|52\/100|[from] item: Leftovers\n|upkeep\n|turn|8\n|\n|t:|1650559126\n|switch|p1a: Heatran|Heatran, F|100\/100\n|move|p2a: Heatran|Eruption|p1a: Heatran\n|-start|p1a: Heatran|ability: Flash Fire\n|\n|upkeep\n|turn|9\n|\n|t:|1650559135\n|-end|p1a: Heatran|ability: Flash Fire|[silent]\n|switch|p1a: Crawdaunt|Crawdaunt, F|100\/100\n|move|p2a: Heatran|Earth Power|p1a: Crawdaunt\n|-damage|p1a: Crawdaunt|31\/100\n|\n|upkeep\n|turn|10\n|\n|t:|1650559141\n|-end|p2a: Heatran|ability: Flash Fire|[silent]\n|switch|p2a: Clefable|Clefable, M|95\/100\n|move|p1a: Crawdaunt|Knock Off|p2a: Clefable\n|-resisted|p2a: Clefable\n|-damage|p2a: Clefable|56\/100\n|-damage|p1a: Crawdaunt|14\/100|[from] item: Rocky Helmet|[of] p2a: Clefable\n|-enditem|p2a: Clefable|Rocky Helmet|[from] move: Knock Off|[of] p1a: Crawdaunt\n|\n|upkeep\n|turn|11\n|\n|t:|1650559150\n|switch|p1a: Heatran|Heatran, F|100\/100\n|move|p2a: Clefable|Wish|p2a: Clefable\n|\n|upkeep\n|turn|12\n|\n|t:|1650559159\n|switch|p1a: Gastrodon|Gastrodon, F|52\/100\n|move|p2a: Clefable|Protect||[still]\n|-fail|p2a: Clefable\n|\n|-heal|p2a: Clefable|100\/100|[from] move: Wish|[wisher] Clefable\n|-heal|p1a: Gastrodon|58\/100|[from] item: Leftovers\n|upkeep\n|turn|13\n|\n|t:|1650559169\n|move|p2a: Clefable|Wish|p2a: Clefable\n|move|p1a: Gastrodon|Recover|p1a: Gastrodon\n|-heal|p1a: Gastrodon|100\/100\n|\n|upkeep\n|turn|14\n|\n|t:|1650559175\n|move|p1a: Gastrodon|Scald|p2a: Clefable\n|-damage|p2a: Clefable|75\/100\n|-status|p2a: Clefable|brn\n|move|p2a: Clefable|Teleport|p2a: Clefable\n|\n|t:|1650559177\n|switch|p2a: Obstagoon|Obstagoon, F|72\/100 brn|[from]move: Teleport\n|\n|-heal|p2a: Obstagoon|100\/100 brn|[from] move: Wish|[wisher] Clefable\n|-damage|p2a: Obstagoon|94\/100 brn|[from] brn\n|upkeep\n|turn|15\n|j| MoonWeasel\n|\n|t:|1650559188\n|move|p2a: Obstagoon|Facade|p1a: Gastrodon\n|-damage|p1a: Gastrodon|26\/100\n|move|p1a: Gastrodon|Recover|p1a: Gastrodon\n|-heal|p1a: Gastrodon|76\/100\n|\n|-heal|p1a: Gastrodon|82\/100|[from] item: Leftovers\n|-damage|p2a: Obstagoon|88\/100 brn|[from] brn\n|upkeep\n|turn|16\n|\n|t:|1650559207\n|switch|p1a: Corviknight|Corviknight, M|33\/100\n|-ability|p1a: Corviknight|Pressure\n|move|p2a: Obstagoon|Knock Off|p1a: Corviknight\n|-damage|p1a: Corviknight|0 fnt\n|faint|p1a: Corviknight\n|\n|-damage|p2a: Obstagoon|82\/100 brn|[from] brn\n|upkeep\n|inactive|stopthreat has 120 seconds left.\n|l|\u2606Roger Goodell\n|inactive|Roger Goodell disconnected and has a minute to reconnect!\n|player|p2|\n|\n|t:|1650559261\n|switch|p1a: Dragapult|Dragapult, F|100\/100\n|turn|17\n|j|\u2606Roger Goodell\n|inactive|Roger Goodell reconnected and has 150 seconds left.\n|player|p2|Roger Goodell|harlequin\n|\n|t:|1650559271\n|switch|p2a: Clefable|Clefable, M|75\/100 brn\n|move|p1a: Dragapult|Draco Meteor|p2a: Clefable\n|-immune|p2a: Clefable\n|\n|upkeep\n|turn|18\n|\n|t:|1650559284\n|switch|p1a: Heatran|Heatran, F|100\/100\n|move|p2a: Clefable|Teleport|p2a: Clefable\n|\n|t:|1650559289\n|switch|p2a: Heatran|Heatran, M|100\/100|[from]move: Teleport\n|-item|p2a: Heatran|Air Balloon\n|\n|upkeep\n|turn|19\n|inactive|stopthreat has 120 seconds left.\n|\n|t:|1650559295\n|switch|p1a: Dragapult|Dragapult, F|100\/100\n|move|p2a: Heatran|Eruption|p1a: Dragapult\n|-resisted|p1a: Dragapult\n|-damage|p1a: Dragapult|51\/100\n|\n|upkeep\n|turn|20\n|\n|t:|1650559304\n|switch|p2a: Clefable|Clefable, M|75\/100 brn\n|move|p1a: Dragapult|Hydro Pump|p2a: Clefable\n|-damage|p2a: Clefable|30\/100 brn\n|\n|upkeep\n|turn|21\n|\n|t:|1650559310\n|switch|p1a: Crawdaunt|Crawdaunt, F|14\/100\n|move|p2a: Clefable|Teleport|p2a: Clefable\n|\n|t:|1650559324\n|switch|p2a: Obstagoon|Obstagoon, F|82\/100 brn|[from]move: Teleport\n|\n|-damage|p2a: Obstagoon|76\/100 brn|[from] brn\n|upkeep\n|turn|22\n|\n|t:|1650559329\n|move|p1a: Crawdaunt|Aqua Jet|p2a: Obstagoon\n|-damage|p2a: Obstagoon|36\/100 brn\n|move|p2a: Obstagoon|Knock Off|p1a: Crawdaunt\n|-resisted|p1a: Crawdaunt\n|-damage|p1a: Crawdaunt|0 fnt\n|-enditem|p1a: Crawdaunt|Choice Band|[from] move: Knock Off|[of] p2a: Obstagoon\n|faint|p1a: Crawdaunt\n|\n|-damage|p2a: Obstagoon|30\/100 brn|[from] brn\n|upkeep\n|\n|t:|1650559333\n|switch|p1a: Dragapult|Dragapult, F|51\/100\n|turn|23\n|j| Unstoppable donuts\n|\n|t:|1650559337\n|switch|p2a: Volcanion|Volcanion|100\/100\n|move|p1a: Dragapult|Hydro Pump|p2a: Volcanion\n|-immune|p2a: Volcanion|[from] ability: Water Absorb\n|\n|upkeep\n|turn|24\n|\n|t:|1650559342\n|switch|p1a: Gastrodon|Gastrodon, F|82\/100\n|move|p2a: Volcanion|Earth Power|p1a: Gastrodon\n|-damage|p1a: Gastrodon|35\/100\n|-unboost|p1a: Gastrodon|spd|1\n|\n|-heal|p1a: Gastrodon|42\/100|[from] item: Leftovers\n|upkeep\n|turn|25\n|j| 100%er\n|-message|stopthreat forfeited.\n|\n|win|Roger Goodell\n|raw|stopthreat's rating: 1689 &rarr; <strong>1672<\/strong><br \/>(-17 for losing)\n|raw|Roger Goodell's rating: 1739 &rarr; <strong>1756<\/strong><br \/>(+17 for winning)\n|l|\u2606stopthreat\n|l| Unstoppable donuts\n|l| 100%er\n||Ladder isn't responding, score probably updated but might not have (Request timeout).\n","uploadtime":1650559402,"views":33,"p1id":"stopthreat","p2id":"rogergoodell","formatid":"gen8ou","rating":1672,"private":0,"password":null}