{"id":"gen8ou-1666568993","p1":"stall lordZ","p2":"Mutako Z","format":"gen8ou","log":"|j|\u2606stall lordZ\n|j|\u2606Mutako Z\n|t:|1663425866\n|gametype|singles\n|player|p1|stall lordZ|blackbelt-gen4dp|1544\n|player|p2|Mutako Z|cynthia-gen4|1591\n|teamsize|p1|6\n|teamsize|p2|6\n|gen|8\n|tier|[Gen 8] OU\n|rated|\n|rule|Sleep Clause Mod: Limit one foe put to sleep\n|rule|Species Clause: Limit one of each Pok\u00e9mon\n|rule|OHKO Clause: OHKO moves are banned\n|rule|Evasion Items Clause: Evasion items are banned\n|rule|Evasion Moves Clause: Evasion moves are banned\n|rule|Endless Battle Clause: Forcing endless battles is banned\n|rule|HP Percentage Mod: HP is shown in percentages\n|rule|Dynamax Clause: You cannot dynamax\n|clearpoke\n|poke|p1|Latias, F|\n|poke|p1|Slowking-Galar, M|\n|poke|p1|Garchomp, F|\n|poke|p1|Weavile, F|\n|poke|p1|Keldeo-Resolute|\n|poke|p1|Moltres|\n|poke|p2|Hippowdon, M|\n|poke|p2|Tyranitar, F|\n|poke|p2|Excadrill, M|\n|poke|p2|Dracozolt|\n|poke|p2|Zapdos|\n|poke|p2|Slowbro, M|\n|teampreview\n|inactive|Battle timer is ON: inactive players will automatically lose when time's up. (requested by Mutako Z)\n|j| I'M AT MY LIMIT!\n|inactive|stall lordZ has 120 seconds left.\n|inactive|stall lordZ has 90 seconds left.\n|\n|t:|1663425950\n|start\n|switch|p1a: Bandit|Weavile, F, shiny|100\/100\n|switch|p2a: Zapdos|Zapdos|100\/100\n|-ability|p1a: Bandit|Pressure\n|turn|1\n|\n|t:|1663425968\n|move|p1a: Bandit|Triple Axel|p2a: Zapdos\n|-supereffective|p2a: Zapdos\n|-damage|p2a: Zapdos|86\/100\n|-status|p1a: Bandit|par|[from] ability: Static|[of] p2a: Zapdos\n|-supereffective|p2a: Zapdos\n|-damage|p2a: Zapdos|58\/100\n|-supereffective|p2a: Zapdos\n|-damage|p2a: Zapdos|17\/100\n|-hitcount|p2a: Zapdos|3\n|move|p2a: Zapdos|Volt Switch|p1a: Bandit\n|-damage|p1a: Bandit|59\/100 par\n|\n|t:|1663425979\n|switch|p2a: Tyranitar|Tyranitar, F|100\/100|[from]move: Volt Switch\n|-weather|Sandstorm|[from] ability: Sand Stream|[of] p2a: Tyranitar\n|\n|-weather|Sandstorm|[upkeep]\n|-damage|p1a: Bandit|53\/100 par|[from] Sandstorm\n|upkeep\n|turn|2\n|l| I'M AT MY LIMIT!\n|\n|t:|1663426003\n|switch|p2a: Slowbro|Slowbro, M|100\/100\n|switch|p1a: Zangestsu|Garchomp, F, shiny|100\/100\n|\n|-weather|Sandstorm|[upkeep]\n|-damage|p2a: Slowbro|94\/100|[from] Sandstorm\n|upkeep\n|turn|3\n|\n|t:|1663426011\n|move|p1a: Zangestsu|Toxic|p2a: Slowbro|[miss]\n|-miss|p1a: Zangestsu|p2a: Slowbro\n|move|p2a: Slowbro|Scald|p1a: Zangestsu\n|-crit|p1a: Zangestsu\n|-damage|p1a: Zangestsu|68\/100\n|\n|-weather|Sandstorm|[upkeep]\n|-damage|p2a: Slowbro|88\/100|[from] Sandstorm\n|upkeep\n|turn|4\n|\n|t:|1663426019\n|move|p1a: Zangestsu|Stealth Rock|p2a: Slowbro\n|-sidestart|p2: Mutako Z|move: Stealth Rock\n|move|p2a: Slowbro|Future Sight|p1a: Zangestsu\n|-start|p2a: Slowbro|move: Future Sight\n|\n|-weather|Sandstorm|[upkeep]\n|-damage|p2a: Slowbro|82\/100|[from] Sandstorm\n|upkeep\n|turn|5\n|\n|t:|1663426024\n|move|p1a: Zangestsu|Toxic|p2a: Slowbro\n|-status|p2a: Slowbro|tox\n|move|p2a: Slowbro|Scald|p1a: Zangestsu\n|-damage|p1a: Zangestsu|49\/100\n|-status|p1a: Zangestsu|brn\n|\n|-weather|none\n|-damage|p2a: Slowbro|76\/100 tox|[from] psn\n|-damage|p1a: Zangestsu|43\/100 brn|[from] brn\n|upkeep\n|turn|6\n|inactive|stall lordZ has 120 seconds left.\n|inactive|stall lordZ has 90 seconds left.\n|\n|t:|1663426090\n|switch|p1a: Mantra|Slowking-Galar, M|100\/100\n|move|p2a: Slowbro|Fire Blast|p1a: Mantra\n|-damage|p1a: Mantra|79\/100\n|\n|-end|p1a: Mantra|move: Future Sight\n|-damage|p1a: Mantra|40\/100\n|-heal|p1a: Mantra|46\/100|[from] item: Black Sludge\n|-damage|p2a: Slowbro|64\/100 tox|[from] psn\n|upkeep\n|turn|7\n|inactive|stall lordZ has 90 seconds left.\n|\n|t:|1663426100\n|move|p1a: Mantra|Sludge Bomb|p2a: Slowbro\n|-damage|p2a: Slowbro|27\/100 tox\n|move|p2a: Slowbro|Future Sight|p1a: Mantra\n|-start|p2a: Slowbro|move: Future Sight\n|\n|-heal|p1a: Mantra|53\/100|[from] item: Black Sludge\n|-damage|p2a: Slowbro|9\/100 tox|[from] psn\n|upkeep\n|turn|8\n|inactive|stall lordZ has 90 seconds left.\n|\n|t:|1663426111\n|switch|p2a: Tyranitar|Tyranitar, F|100\/100\n|-damage|p2a: Tyranitar|88\/100|[from] Stealth Rock\n|-weather|Sandstorm|[from] ability: Sand Stream|[of] p2a: Tyranitar\n|move|p1a: Mantra|Ice Beam|p2a: Tyranitar\n|-damage|p2a: Tyranitar|72\/100\n|\n|-weather|Sandstorm|[upkeep]\n|-damage|p1a: Mantra|46\/100|[from] Sandstorm\n|-heal|p1a: Mantra|53\/100|[from] item: Black Sludge\n|upkeep\n|turn|9\n|\n|t:|1663426121\n|switch|p1a: Bandit|Weavile, F, shiny|53\/100 par\n|-ability|p1a: Bandit|Pressure\n|move|p2a: Tyranitar|Stone Edge|p1a: Bandit\n|-supereffective|p1a: Bandit\n|-damage|p1a: Bandit|0 fnt\n|faint|p1a: Bandit\n|\n|-weather|Sandstorm|[upkeep]\n|-hint|Future Sight did not hit because the target is fainted.\n|upkeep\n|inactive|stall lordZ has 90 seconds left.\n|\n|t:|1663426132\n|switch|p1a: horse|Keldeo-Resolute|100\/100\n|turn|10\n|\n|t:|1663426140\n|switch|p2a: Slowbro|Slowbro, M|42\/100 tox\n|-damage|p2a: Slowbro|30\/100 tox|[from] Stealth Rock\n|move|p1a: horse|Substitute|p1a: horse\n|-start|p1a: horse|Substitute\n|-damage|p1a: horse|76\/100\n|\n|-weather|Sandstorm|[upkeep]\n|-damage|p1a: horse|70\/100|[from] Sandstorm\n|-damage|p2a: Slowbro|24\/100 tox|[from] Sandstorm\n|-heal|p1a: horse|76\/100|[from] item: Leftovers\n|-damage|p2a: Slowbro|18\/100 tox|[from] psn\n|upkeep\n|turn|11\n|inactive|stall lordZ has 90 seconds left.\n|\n|t:|1663426164\n|move|p1a: horse|Scald|p2a: Slowbro\n|-resisted|p2a: Slowbro\n|-damage|p2a: Slowbro|0 fnt\n|faint|p2a: Slowbro\n|\n|-weather|Sandstorm|[upkeep]\n|-damage|p1a: horse|70\/100|[from] Sandstorm\n|-heal|p1a: horse|76\/100|[from] item: Leftovers\n|upkeep\n|\n|t:|1663426174\n|switch|p2a: Dracozolt|Dracozolt|100\/100\n|-damage|p2a: Dracozolt|88\/100|[from] Stealth Rock\n|turn|12\n|inactive|stall lordZ has 90 seconds left.\n|\n|t:|1663426188\n|move|p2a: Dracozolt|Bolt Beak|p1a: horse\n|-supereffective|p1a: horse\n|-end|p1a: horse|Substitute\n|-damage|p2a: Dracozolt|78\/100|[from] item: Life Orb\n|move|p1a: horse|Scald|p2a: Dracozolt\n|-resisted|p2a: Dracozolt\n|-crit|p2a: Dracozolt\n|-damage|p2a: Dracozolt|28\/100\n|-status|p2a: Dracozolt|brn\n|\n|-weather|none\n|-heal|p1a: horse|82\/100|[from] item: Leftovers\n|-damage|p2a: Dracozolt|22\/100 brn|[from] brn\n|upkeep\n|turn|13\n|inactive|stall lordZ has 90 seconds left.\n|\n|t:|1663426199\n|move|p1a: horse|Substitute|p1a: horse\n|-start|p1a: horse|Substitute\n|-damage|p1a: horse|57\/100\n|move|p2a: Dracozolt|Bolt Beak|p1a: horse\n|-supereffective|p1a: horse\n|-end|p1a: horse|Substitute\n|-damage|p2a: Dracozolt|12\/100 brn|[from] item: Life Orb\n|\n|-heal|p1a: horse|63\/100|[from] item: Leftovers\n|-damage|p2a: Dracozolt|5\/100 brn|[from] brn\n|upkeep\n|turn|14\n|\n|t:|1663426208\n|move|p1a: horse|Scald|p2a: Dracozolt\n|-resisted|p2a: Dracozolt\n|-damage|p2a: Dracozolt|0 fnt\n|faint|p2a: Dracozolt\n|\n|-heal|p1a: horse|70\/100|[from] item: Leftovers\n|upkeep\n|\n|t:|1663426218\n|switch|p2a: Hippowdon|Hippowdon, M|100\/100\n|-damage|p2a: Hippowdon|94\/100|[from] Stealth Rock\n|-weather|Sandstorm|[from] ability: Sand Stream|[of] p2a: Hippowdon\n|turn|15\n|\n|t:|1663426227\n|move|p1a: horse|Scald|p2a: Hippowdon\n|-supereffective|p2a: Hippowdon\n|-damage|p2a: Hippowdon|6\/100\n|-status|p2a: Hippowdon|brn\n|move|p2a: Hippowdon|Earthquake|p1a: horse\n|-damage|p1a: horse|47\/100\n|\n|-weather|Sandstorm|[upkeep]\n|-damage|p1a: horse|40\/100|[from] Sandstorm\n|-heal|p1a: horse|47\/100|[from] item: Leftovers\n|-damage|p2a: Hippowdon|0 fnt|[from] brn\n|faint|p2a: Hippowdon\n|upkeep\n|\n|t:|1663426238\n|switch|p2a: Excadrill|Excadrill, M|100\/100\n|-damage|p2a: Excadrill|97\/100|[from] Stealth Rock\n|turn|16\n|\n|t:|1663426249\n|switch|p1a: Abenanka|Moltres|100\/100\n|move|p2a: Excadrill|Swords Dance|p2a: Excadrill\n|-boost|p2a: Excadrill|atk|2\n|\n|-weather|Sandstorm|[upkeep]\n|-damage|p1a: Abenanka|94\/100|[from] Sandstorm\n|upkeep\n|turn|17\n|\n|t:|1663426256\n|move|p2a: Excadrill|Rock Slide|p1a: Abenanka|[miss]\n|-miss|p2a: Excadrill|p1a: Abenanka\n|move|p1a: Abenanka|Mystical Fire|p2a: Excadrill\n|-supereffective|p2a: Excadrill\n|-damage|p2a: Excadrill|10\/100\n|-unboost|p2a: Excadrill|spa|1\n|\n|-weather|Sandstorm|[upkeep]\n|-damage|p1a: Abenanka|88\/100|[from] Sandstorm\n|upkeep\n|turn|18\n|inactive|stall lordZ has 120 seconds left.\n|-message|Mutako Z forfeited.\n|\n|win|stall lordZ\n|raw|stall lordZ's rating: 1544 &rarr; <strong>1567<\/strong><br \/>(+23 for winning)\n|raw|Mutako Z's rating: 1591 &rarr; <strong>1568<\/strong><br \/>(-23 for losing)\n|l|\u2606Mutako Z\n||Ladder isn't responding, score probably updated but might not have (Request timeout).\n","uploadtime":1663426287,"views":4,"p1id":"stalllordz","p2id":"mutakoz","formatid":"gen8ou","rating":1567,"private":0,"password":null}