{"id":"gen8ou-1230588633","p1":"Rheinmetal","p2":"large owl","format":"gen8ou","log":"|j|\u2606Rheinmetal\n|j|\u2606large owl\n|t:|1606242164\n|player|p1|Rheinmetal|cynthia|1505\n|player|p2|large owl|mira|1534\n|teamsize|p1|6\n|teamsize|p2|6\n|gametype|singles\n|gen|8\n|tier|[Gen 8] OU\n|rated|\n|clearpoke\n|poke|p1|Latios, M|\n|poke|p1|Ferrothorn, M|\n|poke|p1|Volcarona, M|\n|poke|p1|Rhyperior, M|\n|poke|p1|Tapu Fini|\n|poke|p1|Urshifu-*, M|\n|poke|p2|Landorus-Therian, M|\n|poke|p2|Ferrothorn, F|\n|poke|p2|Incineroar, F|\n|poke|p2|Slowbro, M|\n|poke|p2|Nihilego|\n|poke|p2|Zapdos-Galar|\n|rule|Sleep Clause Mod: Limit one foe put to sleep\n|rule|Species Clause: Limit one of each Pok\u00e9mon\n|rule|OHKO Clause: OHKO moves are banned\n|rule|Evasion Moves Clause: Evasion moves are banned\n|rule|Endless Battle Clause: Forcing endless battles is banned\n|rule|HP Percentage Mod: HP is shown in percentages\n|rule|Dynamax Clause: You cannot dynamax\n|teampreview\n|inactive|Battle timer is ON: inactive players will automatically lose when time's up. (requested by Rheinmetal)\n|j| Riiguez \u5e78\u798f\n|j| TRoooooooooooooooo\n|\n|t:|1606242184\n|start\n|switch|p1a: Calamity|Tapu Fini|100\/100\n|switch|p2a: Landorus|Landorus-Therian, M|100\/100\n|-ability|p2a: Landorus|Intimidate|boost\n|-unboost|p1a: Calamity|atk|1\n|-fieldstart|move: Misty Terrain|[from] ability: Misty Surge|[of] p1a: Calamity\n|turn|1\n|\n|t:|1606242187\n|move|p2a: Landorus|U-turn|p1a: Calamity\n|-resisted|p1a: Calamity\n|-damage|p1a: Calamity|87\/100\n|\n|t:|1606242190\n|switch|p2a: Ferrothorn|Ferrothorn, F|100\/100|[from]move: U-turn\n|move|p1a: Calamity|Hydro Pump|p2a: Ferrothorn|[miss]\n|-miss|p1a: Calamity|p2a: Ferrothorn\n|\n|upkeep\n|turn|2\n|\n|t:|1606242201\n|switch|p1a: Temple|Ferrothorn, M|100\/100\n|move|p2a: Ferrothorn|Stealth Rock|p1a: Temple\n|-sidestart|p1: Rheinmetal|move: Stealth Rock\n|\n|upkeep\n|turn|3\n|\n|t:|1606242215\n|move|p1a: Temple|Stealth Rock|p2a: Ferrothorn\n|-sidestart|p2: large owl|move: Stealth Rock\n|move|p2a: Ferrothorn|Knock Off|p1a: Temple\n|-damage|p1a: Temple|88\/100\n|-damage|p2a: Ferrothorn|88\/100|[from] ability: Iron Barbs|[of] p1a: Temple\n|-damage|p2a: Ferrothorn|72\/100|[from] item: Rocky Helmet|[of] p1a: Temple\n|-enditem|p1a: Temple|Rocky Helmet|[from] move: Knock Off|[of] p2a: Ferrothorn\n|\n|-heal|p2a: Ferrothorn|78\/100|[from] item: Leftovers\n|upkeep\n|turn|4\n|\n|t:|1606242235\n|switch|p2a: Slowbro|Slowbro, M|100\/100\n|-damage|p2a: Slowbro|88\/100|[from] Stealth Rock\n|move|p1a: Temple|Body Press|p2a: Slowbro\n|-resisted|p2a: Slowbro\n|-damage|p2a: Slowbro|79\/100\n|-damage|p1a: Temple|72\/100|[from] item: Rocky Helmet|[of] p2a: Slowbro\n|\n|upkeep\n|turn|5\n|\n|t:|1606242242\n|move|p1a: Temple|Leech Seed|p2a: Slowbro\n|-start|p2a: Slowbro|move: Leech Seed\n|move|p2a: Slowbro|Teleport|p2a: Slowbro\n|\n|t:|1606242246\n|switch|p2a: Zapdos|Zapdos-Galar|100\/100|[from]move: Teleport\n|-damage|p2a: Zapdos|88\/100|[from] Stealth Rock\n|\n|-fieldend|Misty Terrain\n|upkeep\n|turn|6\n|\n|t:|1606242256\n|move|p2a: Zapdos|Close Combat|p1a: Temple\n|-supereffective|p1a: Temple\n|-damage|p1a: Temple|6\/100\n|-unboost|p2a: Zapdos|def|1\n|-unboost|p2a: Zapdos|spd|1\n|-damage|p2a: Zapdos|76\/100|[from] ability: Iron Barbs|[of] p1a: Temple\n|move|p1a: Temple|Power Whip|p2a: Zapdos\n|-resisted|p2a: Zapdos\n|-damage|p2a: Zapdos|44\/100\n|\n|upkeep\n|turn|7\n|\n|t:|1606242262\n|move|p2a: Zapdos|Close Combat|p1a: Temple\n|-supereffective|p1a: Temple\n|-damage|p1a: Temple|0 fnt\n|-unboost|p2a: Zapdos|def|1\n|-unboost|p2a: Zapdos|spd|1\n|-damage|p2a: Zapdos|31\/100|[from] ability: Iron Barbs|[of] p1a: Temple\n|faint|p1a: Temple\n|\n|upkeep\n|\n|t:|1606242267\n|switch|p1a: Avalon|Latios, M|100\/100\n|-damage|p1a: Avalon|88\/100|[from] Stealth Rock\n|turn|8\n|\n|t:|1606242275\n|switch|p2a: Ferrothorn|Ferrothorn, F|78\/100\n|-damage|p2a: Ferrothorn|72\/100|[from] Stealth Rock\n|move|p1a: Avalon|Aura Sphere|p2a: Ferrothorn\n|-supereffective|p2a: Ferrothorn\n|-damage|p2a: Ferrothorn|8\/100\n|-damage|p1a: Avalon|78\/100|[from] item: Life Orb\n|\n|-heal|p2a: Ferrothorn|14\/100|[from] item: Leftovers\n|upkeep\n|turn|9\n|\n|t:|1606242289\n|move|p1a: Avalon|Aura Sphere|p2a: Ferrothorn\n|-supereffective|p2a: Ferrothorn\n|-damage|p2a: Ferrothorn|0 fnt\n|-damage|p1a: Avalon|68\/100|[from] item: Life Orb\n|faint|p2a: Ferrothorn\n|\n|upkeep\n|\n|t:|1606242311\n|switch|p2a: Zapdos|Zapdos-Galar|31\/100\n|-damage|p2a: Zapdos|19\/100|[from] Stealth Rock\n|turn|10\n|\n|t:|1606242324\n|switch|p1a: Mortar|Rhyperior, M|100\/100\n|-damage|p1a: Mortar|94\/100|[from] Stealth Rock\n|move|p2a: Zapdos|U-turn|p1a: Mortar\n|-damage|p1a: Mortar|79\/100\n|\n|t:|1606242336\n|switch|p2a: Landorus|Landorus-Therian, M|100\/100|[from]move: U-turn\n|-damage|p2a: Landorus|88\/100|[from] Stealth Rock\n|-ability|p2a: Landorus|Intimidate|boost\n|-unboost|p1a: Mortar|atk|1\n|\n|-heal|p1a: Mortar|85\/100|[from] item: Leftovers\n|upkeep\n|turn|11\n|\n|t:|1606242348\n|move|p2a: Landorus|Earthquake|p1a: Mortar\n|-supereffective|p1a: Mortar\n|-damage|p1a: Mortar|33\/100\n|move|p1a: Mortar|Toxic|p2a: Landorus|[miss]\n|-miss|p1a: Mortar|p2a: Landorus\n|\n|-heal|p1a: Mortar|39\/100|[from] item: Leftovers\n|upkeep\n|turn|12\n|\n|t:|1606242359\n|switch|p2a: Incineroar|Incineroar, F|100\/100\n|-ability|p2a: Incineroar|Intimidate|boost\n|-unboost|p1a: Mortar|atk|1\n|switch|p1a: Avalon|Latios, M|68\/100\n|-damage|p1a: Avalon|56\/100|[from] Stealth Rock\n|\n|upkeep\n|turn|13\n|\n|t:|1606242365\n|move|p1a: Avalon|Draco Meteor|p2a: Incineroar\n|-damage|p2a: Incineroar|44\/100\n|-unboost|p1a: Avalon|spa|2\n|-damage|p1a: Avalon|46\/100|[from] item: Life Orb\n|move|p2a: Incineroar|Knock Off|p1a: Avalon\n|-supereffective|p1a: Avalon\n|-damage|p1a: Avalon|0 fnt\n|-enditem|p1a: Avalon|Life Orb|[from] move: Knock Off|[of] p2a: Incineroar\n|faint|p1a: Avalon\n|\n|upkeep\n|\n|t:|1606242372\n|switch|p1a: Calamity|Tapu Fini|87\/100\n|-damage|p1a: Calamity|75\/100|[from] Stealth Rock\n|-fieldstart|move: Misty Terrain|[from] ability: Misty Surge|[of] p1a: Calamity\n|turn|14\n|\n|t:|1606242380\n|switch|p2a: Slowbro|Slowbro, M|100\/100\n|-damage|p2a: Slowbro|88\/100|[from] Stealth Rock\n|move|p1a: Calamity|Defog|p2a: Slowbro\n|-unboost|p2a: Slowbro|evasion|1\n|-sideend|p2: large owl|Stealth Rock|[from] move: Defog|[of] p1a: Calamity\n|-sideend|p1: Rheinmetal|Stealth Rock|[from] move: Defog|[of] p1a: Calamity\n|-fieldend|Misty Terrain\n|\n|upkeep\n|turn|15\n|\n|t:|1606242392\n|switch|p1a: Mortar|Rhyperior, M|39\/100\n|move|p2a: Slowbro|Future Sight|p1a: Mortar\n|-start|p2a: Slowbro|move: Future Sight\n|\n|-heal|p1a: Mortar|45\/100|[from] item: Leftovers\n|upkeep\n|turn|16\n|\n|t:|1606242398\n|move|p1a: Mortar|Stealth Rock|p2a: Slowbro\n|-sidestart|p2: large owl|move: Stealth Rock\n|move|p2a: Slowbro|Scald|p1a: Mortar\n|-supereffective|p1a: Mortar\n|-damage|p1a: Mortar|0 fnt\n|faint|p1a: Mortar\n|\n|upkeep\n|\n|t:|1606242404\n|switch|p1a: Silhouette|Urshifu, M|100\/100\n|turn|17\n|\n|t:|1606242411\n|switch|p2a: Incineroar|Incineroar, F|44\/100\n|-ability|p2a: Incineroar|Intimidate|boost\n|-unboost|p1a: Silhouette|atk|1\n|move|p1a: Silhouette|Bulk Up|p1a: Silhouette\n|-boost|p1a: Silhouette|atk|1\n|-boost|p1a: Silhouette|def|1\n|\n|-end|p1a: Silhouette|move: Future Sight\n|-immune|p1a: Silhouette\n|upkeep\n|turn|18\n|\n|t:|1606242417\n|move|p1a: Silhouette|Bulk Up|p1a: Silhouette\n|-boost|p1a: Silhouette|atk|1\n|-boost|p1a: Silhouette|def|1\n|move|p2a: Incineroar|Will-O-Wisp|p1a: Silhouette\n|-status|p1a: Silhouette|brn\n|\n|-damage|p1a: Silhouette|94\/100 brn|[from] brn\n|upkeep\n|turn|19\n|\n|t:|1606242428\n|move|p1a: Silhouette|Bulk Up|p1a: Silhouette\n|-boost|p1a: Silhouette|atk|1\n|-boost|p1a: Silhouette|def|1\n|move|p2a: Incineroar|Parting Shot|p1a: Silhouette\n|-unboost|p1a: Silhouette|atk|1\n|-unboost|p1a: Silhouette|spa|1\n|\n|t:|1606242435\n|switch|p2a: Landorus|Landorus-Therian, M|88\/100|[from]move: Parting Shot\n|-damage|p2a: Landorus|76\/100|[from] Stealth Rock\n|-ability|p2a: Landorus|Intimidate|boost\n|-unboost|p1a: Silhouette|atk|1\n|\n|-damage|p1a: Silhouette|88\/100 brn|[from] brn\n|upkeep\n|turn|20\n|\n|t:|1606242439\n|move|p2a: Landorus|U-turn|p1a: Silhouette\n|-damage|p1a: Silhouette|78\/100 brn\n|\n|t:|1606242441\n|switch|p2a: Incineroar|Incineroar, F|44\/100|[from]move: U-turn\n|-ability|p2a: Incineroar|Intimidate|boost\n|-unboost|p1a: Silhouette|atk|1\n|move|p1a: Silhouette|Bulk Up|p1a: Silhouette\n|-boost|p1a: Silhouette|atk|1\n|-boost|p1a: Silhouette|def|1\n|\n|-damage|p1a: Silhouette|72\/100 brn|[from] brn\n|upkeep\n|turn|21\n|\n|t:|1606242447\n|move|p1a: Silhouette|Bulk Up|p1a: Silhouette\n|-boost|p1a: Silhouette|atk|1\n|-boost|p1a: Silhouette|def|1\n|move|p2a: Incineroar|Parting Shot|p1a: Silhouette\n|-unboost|p1a: Silhouette|atk|1\n|-unboost|p1a: Silhouette|spa|1\n|\n|t:|1606242465\n|switch|p2a: Landorus|Landorus-Therian, M|76\/100|[from]move: Parting Shot\n|-damage|p2a: Landorus|64\/100|[from] Stealth Rock\n|-ability|p2a: Landorus|Intimidate|boost\n|-unboost|p1a: Silhouette|atk|1\n|\n|-damage|p1a: Silhouette|65\/100 brn|[from] brn\n|upkeep\n|turn|22\n|\n|t:|1606242472\n|move|p2a: Landorus|U-turn|p1a: Silhouette\n|-damage|p1a: Silhouette|58\/100 brn\n|\n|t:|1606242475\n|switch|p2a: Incineroar|Incineroar, F|44\/100|[from]move: U-turn\n|-ability|p2a: Incineroar|Intimidate|boost\n|-unboost|p1a: Silhouette|atk|1\n|move|p1a: Silhouette|Bulk Up|p1a: Silhouette\n|-boost|p1a: Silhouette|atk|1\n|-boost|p1a: Silhouette|def|1\n|\n|-damage|p1a: Silhouette|52\/100 brn|[from] brn\n|upkeep\n|turn|23\n|\n|t:|1606242478\n|move|p1a: Silhouette|Wicked Blow|p2a: Incineroar\n|-resisted|p2a: Incineroar\n|-crit|p2a: Incineroar\n|-damage|p2a: Incineroar|22\/100\n|-damage|p1a: Silhouette|42\/100 brn|[from] item: Life Orb\n|move|p2a: Incineroar|Parting Shot|p1a: Silhouette\n|-unboost|p1a: Silhouette|atk|1\n|-unboost|p1a: Silhouette|spa|1\n|\n|t:|1606242490\n|switch|p2a: Landorus|Landorus-Therian, M|64\/100|[from]move: Parting Shot\n|-damage|p2a: Landorus|52\/100|[from] Stealth Rock\n|-ability|p2a: Landorus|Intimidate|boost\n|-unboost|p1a: Silhouette|atk|1\n|\n|-damage|p1a: Silhouette|36\/100 brn|[from] brn\n|upkeep\n|turn|24\n|\n|t:|1606242496\n|move|p2a: Landorus|U-turn|p1a: Silhouette\n|-damage|p1a: Silhouette|28\/100 brn\n|\n|t:|1606242498\n|switch|p2a: Incineroar|Incineroar, F|22\/100|[from]move: U-turn\n|-ability|p2a: Incineroar|Intimidate|boost\n|-unboost|p1a: Silhouette|atk|1\n|move|p1a: Silhouette|Wicked Blow|p2a: Incineroar\n|-resisted|p2a: Incineroar\n|-crit|p2a: Incineroar\n|-damage|p2a: Incineroar|2\/100\n|-damage|p1a: Silhouette|18\/100 brn|[from] item: Life Orb\n|\n|-damage|p1a: Silhouette|12\/100 brn|[from] brn\n|upkeep\n|turn|25\n|\n|t:|1606242509\n|move|p1a: Silhouette|Wicked Blow|p2a: Incineroar\n|-resisted|p2a: Incineroar\n|-crit|p2a: Incineroar\n|-damage|p2a: Incineroar|0 fnt\n|-damage|p1a: Silhouette|2\/100 brn|[from] item: Life Orb\n|faint|p2a: Incineroar\n|\n|-damage|p1a: Silhouette|0 fnt|[from] brn\n|faint|p1a: Silhouette\n|upkeep\n|\n|t:|1606242525\n|switch|p1a: Calamity|Tapu Fini|75\/100\n|switch|p2a: Nihilego|Nihilego|100\/100\n|-fieldstart|move: Misty Terrain|[from] ability: Misty Surge|[of] p1a: Calamity\n|-damage|p2a: Nihilego|88\/100|[from] Stealth Rock\n|turn|26\n|\n|t:|1606242535\n|switch|p1a: Amaterasu|Volcarona, M, shiny|100\/100\n|move|p2a: Nihilego|Sludge Wave|p1a: Amaterasu\n|-damage|p1a: Amaterasu|26\/100\n|\n|upkeep\n|turn|27\n|-message|Rheinmetal forfeited.\n|\n|win|large owl\n|l|\u2606Rheinmetal\n||Ladder (probably) updated, but score could not be retrieved (Request timeout).\n","uploadtime":1606242551,"views":37,"p1id":"rheinmetal","p2id":"largeowl","formatid":"gen8ou","rating":0,"private":0,"password":null}