{"id":"gen8ou-1654139746","p1":"minimax_ai","p2":"galarian dragapult","format":"gen8ou","log":"|j|\u2606minimax_ai\n|j|\u2606galarian dragapult\n|t:|1662104416\n|gametype|singles\n|player|p1|minimax_ai|2|1494\n|player|p2|galarian dragapult|zinzolin|1768\n|teamsize|p1|6\n|teamsize|p2|6\n|gen|8\n|tier|[Gen 8] OU\n|rated|\n|rule|Sleep Clause Mod: Limit one foe put to sleep\n|rule|Species Clause: Limit one of each Pok\u00e9mon\n|rule|OHKO Clause: OHKO moves are banned\n|rule|Evasion Items Clause: Evasion items are banned\n|rule|Evasion Moves Clause: Evasion moves are banned\n|rule|Endless Battle Clause: Forcing endless battles is banned\n|rule|HP Percentage Mod: HP is shown in percentages\n|rule|Dynamax Clause: You cannot dynamax\n|clearpoke\n|poke|p1|Rotom-Wash|\n|poke|p1|Weavile, F|\n|poke|p1|Landorus-Therian, M|\n|poke|p1|Heatran, M|\n|poke|p1|Tangrowth, F|\n|poke|p1|Melmetal|\n|poke|p2|Blacephalon|\n|poke|p2|Blissey, F|\n|poke|p2|Buzzwole|\n|poke|p2|Melmetal|\n|poke|p2|Slowbro, M|\n|poke|p2|Landorus-Therian, M|\n|teampreview\n|c|\u2606minimax_ai|hf\n|inactive|Battle timer is ON: inactive players will automatically lose when time's up. (requested by minimax_ai)\n|\n|t:|1662104426\n|start\n|switch|p1a: landorustherian|Landorus-Therian, M|100\/100\n|switch|p2a: Blissey|Blissey, F|100\/100\n|-ability|p1a: landorustherian|Intimidate|boost\n|-unboost|p2a: Blissey|atk|1\n|turn|1\n|\n|t:|1662104428\n|move|p1a: landorustherian|U-turn|p2a: Blissey\n|-damage|p2a: Blissey|83\/100\n|\n|t:|1662104429\n|switch|p1a: Heatran|Heatran, M|100\/100|[from]move: U-turn\n|-item|p1a: Heatran|Air Balloon\n|move|p2a: Blissey|Toxic|p1a: Heatran\n|-immune|p1a: Heatran\n|\n|upkeep\n|turn|2\n|\n|t:|1662104430\n|move|p1a: Heatran|Magma Storm|p2a: Blissey\n|-damage|p2a: Blissey|62\/100\n|-activate|p2a: Blissey|move: Magma Storm|[of] p1a: Heatran\n|move|p2a: Blissey|Seismic Toss|p1a: Heatran\n|-damage|p1a: Heatran|70\/100\n|-enditem|p1a: Heatran|Air Balloon\n|\n|-damage|p2a: Blissey|50\/100|[from] move: Magma Storm|[partiallytrapped]\n|upkeep\n|turn|3\n|\n|t:|1662104432\n|move|p1a: Heatran|Stealth Rock|p2a: Blissey\n|-sidestart|p2: galarian dragapult|move: Stealth Rock\n|move|p2a: Blissey|Soft-Boiled|p2a: Blissey\n|-heal|p2a: Blissey|99\/100\n|\n|-damage|p2a: Blissey|87\/100|[from] move: Magma Storm|[partiallytrapped]\n|upkeep\n|turn|4\n|\n|t:|1662104434\n|move|p1a: Heatran|Magma Storm|p2a: Blissey\n|-damage|p2a: Blissey|69\/100\n|move|p2a: Blissey|Stealth Rock|p1a: Heatran\n|-sidestart|p1: minimax_ai|move: Stealth Rock\n|\n|-damage|p2a: Blissey|57\/100|[from] move: Magma Storm|[partiallytrapped]\n|upkeep\n|turn|5\n|\n|t:|1662104435\n|move|p1a: Heatran|Magma Storm|p2a: Blissey|[miss]\n|-miss|p1a: Heatran|p2a: Blissey\n|move|p2a: Blissey|Soft-Boiled|p2a: Blissey\n|-heal|p2a: Blissey|100\/100\n|\n|-damage|p2a: Blissey|88\/100|[from] move: Magma Storm|[partiallytrapped]\n|upkeep\n|turn|6\n|\n|t:|1662104437\n|move|p1a: Heatran|Magma Storm|p2a: Blissey\n|-damage|p2a: Blissey|68\/100\n|move|p2a: Blissey|Seismic Toss|p1a: Heatran\n|-damage|p1a: Heatran|39\/100\n|\n|-damage|p2a: Blissey|55\/100|[from] move: Magma Storm|[partiallytrapped]\n|upkeep\n|turn|7\n|\n|t:|1662104438\n|move|p1a: Heatran|Magma Storm|p2a: Blissey|[miss]\n|-miss|p1a: Heatran|p2a: Blissey\n|move|p2a: Blissey|Soft-Boiled|p2a: Blissey\n|-heal|p2a: Blissey|100\/100\n|\n|-end|p2a: Blissey|Magma Storm|[partiallytrapped]\n|upkeep\n|turn|8\n|\n|t:|1662104439\n|move|p1a: Heatran|Magma Storm|p2a: Blissey\n|-damage|p2a: Blissey|80\/100\n|-activate|p2a: Blissey|move: Magma Storm|[of] p1a: Heatran\n|move|p2a: Blissey|Seismic Toss|p1a: Heatran\n|-damage|p1a: Heatran|8\/100\n|\n|-damage|p2a: Blissey|67\/100|[from] move: Magma Storm|[partiallytrapped]\n|upkeep\n|turn|9\n|\n|t:|1662104441\n|switch|p1a: Melmetal|Melmetal|100\/100\n|-damage|p1a: Melmetal|94\/100|[from] Stealth Rock\n|move|p2a: Blissey|Soft-Boiled|p2a: Blissey\n|-heal|p2a: Blissey|100\/100\n|\n|-end|p2a: Blissey|Magma Storm|[partiallytrapped]|[silent]\n|upkeep\n|turn|10\n|\n|t:|1662104442\n|switch|p2a: Slowbro|Slowbro, M|100\/100\n|-damage|p2a: Slowbro|88\/100|[from] Stealth Rock\n|move|p1a: Melmetal|Ice Punch|p2a: Slowbro\n|-resisted|p2a: Slowbro\n|-damage|p2a: Slowbro|74\/100\n|-damage|p1a: Melmetal|78\/100|[from] item: Rocky Helmet|[of] p2a: Slowbro\n|\n|upkeep\n|turn|11\n|\n|t:|1662104446\n|move|p1a: Melmetal|Thunder Punch|p2a: Slowbro\n|-supereffective|p2a: Slowbro\n|-damage|p2a: Slowbro|24\/100\n|-damage|p1a: Melmetal|61\/100|[from] item: Rocky Helmet|[of] p2a: Slowbro\n|move|p2a: Slowbro|Teleport|p2a: Slowbro\n|\n|t:|1662104463\n|switch|p2a: Blacephalon|Blacephalon|100\/100|[from]move: Teleport\n|-damage|p2a: Blacephalon|76\/100|[from] Stealth Rock\n|\n|upkeep\n|turn|12\n|\n|t:|1662104467\n|switch|p1a: Heatran|Heatran, M|8\/100\n|-damage|p1a: Heatran|0 fnt|[from] Stealth Rock\n|faint|p1a: Heatran\n|move|p2a: Blacephalon|Shadow Ball|p1: Heatran|[notarget]\n|-fail|p2a: Blacephalon\n|\n|upkeep\n|\n|t:|1662104467\n|switch|p1a: Melmetal|Melmetal|61\/100\n|-damage|p1a: Melmetal|55\/100|[from] Stealth Rock\n|turn|13\n|\n|t:|1662104472\n|switch|p2a: Buzzwole|Buzzwole|100\/100\n|move|p1a: Melmetal|Double Iron Bash|p2a: Buzzwole\n|-damage|p2a: Buzzwole|83\/100\n|-damage|p2a: Buzzwole|62\/100\n|-hitcount|p2a: Buzzwole|2\n|\n|upkeep\n|turn|14\n|\n|t:|1662104474\n|switch|p1a: Tangrowth|Tangrowth, F|100\/100\n|-damage|p1a: Tangrowth|88\/100|[from] Stealth Rock\n|move|p2a: Buzzwole|Roost|p2a: Buzzwole\n|-heal|p2a: Buzzwole|100\/100\n|-singleturn|p2a: Buzzwole|move: Roost\n|\n|upkeep\n|turn|15\n|\n|t:|1662104476\n|switch|p2a: Landorus|Landorus-Therian, M|100\/100\n|-damage|p2a: Landorus|88\/100|[from] Stealth Rock\n|-ability|p2a: Landorus|Intimidate|boost\n|-unboost|p1a: Tangrowth|atk|1\n|move|p1a: Tangrowth|Sleep Powder|p2a: Landorus|[miss]\n|-miss|p1a: Tangrowth|p2a: Landorus\n|\n|-heal|p2a: Landorus|94\/100|[from] item: Leftovers\n|upkeep\n|turn|16\n|\n|t:|1662104478\n|move|p2a: Landorus|Defog|p1a: Tangrowth\n|-unboost|p1a: Tangrowth|evasion|1\n|-sideend|p1: minimax_ai|Stealth Rock|[from] move: Defog|[of] p2a: Landorus\n|-sideend|p2: galarian dragapult|Stealth Rock|[from] move: Defog|[of] p2a: Landorus\n|move|p1a: Tangrowth|Sleep Powder|p2a: Landorus|[miss]\n|-miss|p1a: Tangrowth|p2a: Landorus\n|\n|-heal|p2a: Landorus|99\/100|[from] item: Leftovers\n|upkeep\n|turn|17\n|\n|t:|1662104484\n|move|p2a: Landorus|Knock Off|p1a: Tangrowth\n|-damage|p1a: Tangrowth|72\/100\n|-damage|p2a: Landorus|84\/100|[from] item: Rocky Helmet|[of] p1a: Tangrowth\n|-enditem|p1a: Tangrowth|Rocky Helmet|[from] move: Knock Off|[of] p2a: Landorus\n|move|p1a: Tangrowth|Sleep Powder|p2a: Landorus\n|-status|p2a: Landorus|slp|[from] move: Sleep Powder\n|\n|-heal|p2a: Landorus|90\/100 slp|[from] item: Leftovers\n|upkeep\n|turn|18\n|\n|t:|1662104490\n|switch|p2a: Blissey|Blissey, F|100\/100\n|switch|p1a: rotomwash|Rotom-Wash|100\/100\n|\n|upkeep\n|turn|19\n|\n|t:|1662104492\n|move|p1a: rotomwash|Nasty Plot|p1a: rotomwash\n|-boost|p1a: rotomwash|spa|2\n|move|p2a: Blissey|Stealth Rock|p1a: rotomwash\n|-sidestart|p1: minimax_ai|move: Stealth Rock\n|\n|upkeep\n|turn|20\n|\n|t:|1662104493\n|move|p1a: rotomwash|Nasty Plot|p1a: rotomwash\n|-boost|p1a: rotomwash|spa|2\n|move|p2a: Blissey|Toxic|p1a: rotomwash\n|-status|p1a: rotomwash|tox\n|\n|-damage|p1a: rotomwash|94\/100 tox|[from] psn\n|upkeep\n|turn|21\n|\n|t:|1662104495\n|move|p1a: rotomwash|Thunderbolt|p2a: Blissey\n|-damage|p2a: Blissey|58\/100\n|move|p2a: Blissey|Seismic Toss|p1a: rotomwash\n|-damage|p1a: rotomwash|61\/100 tox\n|\n|-heal|p1a: rotomwash|68\/100 tox|[from] item: Leftovers\n|-damage|p1a: rotomwash|55\/100 tox|[from] psn\n|upkeep\n|turn|22\n|\n|t:|1662104496\n|move|p1a: rotomwash|Thunderbolt|p2a: Blissey\n|-damage|p2a: Blissey|16\/100\n|move|p2a: Blissey|Soft-Boiled|p2a: Blissey\n|-heal|p2a: Blissey|66\/100\n|\n|-heal|p1a: rotomwash|61\/100 tox|[from] item: Leftovers\n|-damage|p1a: rotomwash|43\/100 tox|[from] psn\n|upkeep\n|turn|23\n|\n|t:|1662104497\n|move|p1a: rotomwash|Thunderbolt|p2a: Blissey\n|-damage|p2a: Blissey|29\/100\n|move|p2a: Blissey|Soft-Boiled|p2a: Blissey\n|-heal|p2a: Blissey|79\/100\n|\n|-heal|p1a: rotomwash|49\/100 tox|[from] item: Leftovers\n|-damage|p1a: rotomwash|24\/100 tox|[from] psn\n|upkeep\n|turn|24\n|\n|t:|1662104499\n|switch|p1a: landorustherian|Landorus-Therian, M|100\/100\n|-damage|p1a: landorustherian|88\/100|[from] Stealth Rock\n|-ability|p1a: landorustherian|Intimidate|boost\n|-unboost|p2a: Blissey|atk|1\n|move|p2a: Blissey|Soft-Boiled|p2a: Blissey\n|-heal|p2a: Blissey|100\/100\n|\n|-heal|p1a: landorustherian|94\/100|[from] item: Leftovers\n|upkeep\n|turn|25\n|\n|t:|1662104501\n|move|p1a: landorustherian|Defog|p2a: Blissey\n|-unboost|p2a: Blissey|evasion|1\n|-sideend|p1: minimax_ai|Stealth Rock|[from] move: Defog|[of] p1a: landorustherian\n|move|p2a: Blissey|Toxic|p1a: landorustherian\n|-status|p1a: landorustherian|tox\n|\n|-heal|p1a: landorustherian|99\/100 tox|[from] item: Leftovers\n|-damage|p1a: landorustherian|94\/100 tox|[from] psn\n|upkeep\n|turn|26\n|\n|t:|1662104502\n|move|p1a: landorustherian|Earthquake|p2a: Blissey\n|-damage|p2a: Blissey|57\/100\n|move|p2a: Blissey|Stealth Rock|p1a: landorustherian\n|-sidestart|p1: minimax_ai|move: Stealth Rock\n|\n|-heal|p1a: landorustherian|99\/100 tox|[from] item: Leftovers\n|-damage|p1a: landorustherian|88\/100 tox|[from] psn\n|upkeep\n|turn|27\n|\n|t:|1662104504\n|move|p1a: landorustherian|Earthquake|p2a: Blissey\n|-damage|p2a: Blissey|18\/100\n|move|p2a: Blissey|Soft-Boiled|p2a: Blissey\n|-heal|p2a: Blissey|68\/100\n|\n|-heal|p1a: landorustherian|94\/100 tox|[from] item: Leftovers\n|-damage|p1a: landorustherian|76\/100 tox|[from] psn\n|upkeep\n|turn|28\n|\n|t:|1662104505\n|move|p1a: landorustherian|Earthquake|p2a: Blissey\n|-damage|p2a: Blissey|26\/100\n|move|p2a: Blissey|Soft-Boiled|p2a: Blissey\n|-heal|p2a: Blissey|76\/100\n|\n|-heal|p1a: landorustherian|82\/100 tox|[from] item: Leftovers\n|-damage|p1a: landorustherian|58\/100 tox|[from] psn\n|upkeep\n|turn|29\n|\n|t:|1662104507\n|move|p1a: landorustherian|Earthquake|p2a: Blissey\n|-crit|p2a: Blissey\n|-damage|p2a: Blissey|11\/100\n|move|p2a: Blissey|Soft-Boiled|p2a: Blissey\n|-heal|p2a: Blissey|61\/100\n|\n|-heal|p1a: landorustherian|64\/100 tox|[from] item: Leftovers\n|-damage|p1a: landorustherian|34\/100 tox|[from] psn\n|upkeep\n|turn|30\n|\n|t:|1662104509\n|move|p1a: landorustherian|Defog|p2a: Blissey\n|-unboost|p2a: Blissey|evasion|1\n|-sideend|p1: minimax_ai|Stealth Rock|[from] move: Defog|[of] p1a: landorustherian\n|move|p2a: Blissey|Soft-Boiled|p2a: Blissey\n|-heal|p2a: Blissey|100\/100\n|\n|-heal|p1a: landorustherian|40\/100 tox|[from] item: Leftovers\n|-damage|p1a: landorustherian|4\/100 tox|[from] psn\n|upkeep\n|turn|31\n|\n|t:|1662104511\n|switch|p1a: Weavile|Weavile, F|100\/100\n|-ability|p1a: Weavile|Pressure\n|move|p2a: Blissey|Stealth Rock|p1a: Weavile\n|-sidestart|p1: minimax_ai|move: Stealth Rock\n|\n|upkeep\n|turn|32\n|\n|t:|1662104513\n|switch|p2a: Buzzwole|Buzzwole|100\/100\n|move|p1a: Weavile|Knock Off|p2a: Buzzwole\n|-resisted|p2a: Buzzwole\n|-damage|p2a: Buzzwole|85\/100\n|-enditem|p2a: Buzzwole|Heavy-Duty Boots|[from] move: Knock Off|[of] p1a: Weavile\n|\n|upkeep\n|turn|33\n|\n|t:|1662104516\n|switch|p1a: landorustherian|Landorus-Therian, M|4\/100 tox\n|-damage|p1a: landorustherian|0 fnt|[from] Stealth Rock\n|faint|p1a: landorustherian\n|move|p2a: Buzzwole|Ice Punch|p1: landorustherian|[notarget]\n|-fail|p2a: Buzzwole\n|\n|upkeep\n|\n|t:|1662104516\n|switch|p1a: rotomwash|Rotom-Wash|24\/100 tox\n|-damage|p1a: rotomwash|11\/100 tox|[from] Stealth Rock\n|turn|34\n|\n|t:|1662104519\n|switch|p2a: Blissey|Blissey, F|100\/100\n|move|p1a: rotomwash|Thunderbolt|p2a: Blissey\n|-damage|p2a: Blissey|87\/100\n|-status|p2a: Blissey|par\n|\n|-heal|p1a: rotomwash|18\/100 tox|[from] item: Leftovers\n|-damage|p1a: rotomwash|11\/100 tox|[from] psn\n|upkeep\n|turn|35\n|\n|t:|1662104522\n|move|p1a: rotomwash|Thunderbolt|p2a: Blissey\n|-damage|p2a: Blissey|73\/100 par\n|move|p2a: Blissey|Seismic Toss|p1a: rotomwash\n|-damage|p1a: rotomwash|0 fnt\n|faint|p1a: rotomwash\n|\n|upkeep\n|\n|t:|1662104522\n|switch|p1a: Melmetal|Melmetal|55\/100\n|-damage|p1a: Melmetal|49\/100|[from] Stealth Rock\n|turn|36\n|\n|t:|1662104525\n|-curestatus|p2a: Blissey|par|[from] ability: Natural Cure\n|switch|p2a: Slowbro|Slowbro, M|57\/100\n|move|p1a: Melmetal|Double Iron Bash|p2a: Slowbro\n|-resisted|p2a: Slowbro\n|-damage|p2a: Slowbro|42\/100\n|-damage|p1a: Melmetal|32\/100|[from] item: Rocky Helmet|[of] p2a: Slowbro\n|-resisted|p2a: Slowbro\n|-damage|p2a: Slowbro|26\/100\n|-damage|p1a: Melmetal|16\/100|[from] item: Rocky Helmet|[of] p2a: Slowbro\n|-hitcount|p2a: Slowbro|2\n|\n|upkeep\n|turn|37\n|\n|t:|1662104526\n|move|p1a: Melmetal|Thunder Punch|p2a: Slowbro\n|-supereffective|p2a: Slowbro\n|-damage|p2a: Slowbro|0 fnt\n|-damage|p1a: Melmetal|0 fnt|[from] item: Rocky Helmet|[of] p2a: Slowbro\n|faint|p2a: Slowbro\n|faint|p1a: Melmetal\n|\n|upkeep\n|\n|t:|1662104530\n|switch|p1a: Weavile|Weavile, F|100\/100\n|switch|p2a: Buzzwole|Buzzwole|85\/100\n|-damage|p1a: Weavile|76\/100|[from] Stealth Rock\n|-ability|p1a: Weavile|Pressure\n|turn|38\n|\n|t:|1662104531\n|move|p1a: Weavile|Triple Axel|p2a: Buzzwole\n|-damage|p2a: Buzzwole|78\/100\n|-damage|p2a: Buzzwole|63\/100\n|-damage|p2a: Buzzwole|41\/100\n|-hitcount|p2a: Buzzwole|3\n|move|p2a: Buzzwole|Close Combat|p1a: Weavile\n|-supereffective|p1a: Weavile\n|-damage|p1a: Weavile|0 fnt\n|-unboost|p2a: Buzzwole|def|1\n|-unboost|p2a: Buzzwole|spd|1\n|faint|p1a: Weavile\n|-ability|p2a: Buzzwole|Beast Boost|boost\n|-boost|p2a: Buzzwole|def|1\n|\n|upkeep\n|\n|t:|1662104531\n|switch|p1a: Tangrowth|Tangrowth, F|100\/100\n|-damage|p1a: Tangrowth|88\/100|[from] Stealth Rock\n|turn|39\n|c|\u2606galarian dragapult|well that was fast\n|\n|t:|1662104548\n|move|p2a: Buzzwole|Ice Punch|p1a: Tangrowth\n|-supereffective|p1a: Tangrowth\n|-damage|p1a: Tangrowth|64\/100\n|move|p1a: Tangrowth|Focus Blast|p2a: Buzzwole\n|-resisted|p2a: Buzzwole\n|-damage|p2a: Buzzwole|8\/100\n|\n|upkeep\n|turn|40\n|\n|t:|1662104549\n|move|p2a: Buzzwole|Ice Punch|p1a: Tangrowth\n|-supereffective|p1a: Tangrowth\n|-damage|p1a: Tangrowth|38\/100\n|move|p1a: Tangrowth|Knock Off|p2a: Buzzwole\n|-resisted|p2a: Buzzwole\n|-damage|p2a: Buzzwole|5\/100\n|\n|upkeep\n|turn|41\n|\n|t:|1662104551\n|move|p2a: Buzzwole|Ice Punch|p1a: Tangrowth\n|-supereffective|p1a: Tangrowth\n|-crit|p1a: Tangrowth\n|-damage|p1a: Tangrowth|2\/100\n|move|p1a: Tangrowth|Knock Off|p2a: Buzzwole\n|-resisted|p2a: Buzzwole\n|-damage|p2a: Buzzwole|1\/100\n|\n|upkeep\n|turn|42\n|\n|t:|1662104552\n|move|p2a: Buzzwole|Ice Punch|p1a: Tangrowth\n|-supereffective|p1a: Tangrowth\n|-damage|p1a: Tangrowth|0 fnt\n|faint|p1a: Tangrowth\n|\n|win|galarian dragapult\n|raw|minimax_ai's rating: 1494 &rarr; <strong>1487<\/strong><br \/>(-7 for losing)\n|raw|galarian dragapult's rating: 1768 &rarr; <strong>1775<\/strong><br \/>(+7 for winning)\n|c|\u2606minimax_ai|gg\n","uploadtime":1662104554,"views":27,"p1id":"minimaxai","p2id":"galariandragapult","formatid":"gen8ou","rating":1487,"private":0,"password":null}