{"id":"gen8ou-1568017046","p1":"Frederic chopain","p2":"Skip The Drip","format":"gen8ou","log":"|j|\u2606Frederic chopain\n|j|\u2606Skip The Drip\n|t:|1651727640\n|gametype|singles\n|player|p1|Frederic chopain|101|1663\n|player|p2|Skip The Drip|ethan-pokeathlon|1747\n|teamsize|p1|6\n|teamsize|p2|6\n|gen|8\n|tier|[Gen 8] OU\n|rated|\n|rule|Sleep Clause Mod: Limit one foe put to sleep\n|rule|Species Clause: Limit one of each Pok\u00e9mon\n|rule|OHKO Clause: OHKO moves are banned\n|rule|Evasion Moves Clause: Evasion moves are banned\n|rule|Endless Battle Clause: Forcing endless battles is banned\n|rule|HP Percentage Mod: HP is shown in percentages\n|rule|Dynamax Clause: You cannot dynamax\n|clearpoke\n|poke|p1|Volcanion|\n|poke|p1|Necrozma|\n|poke|p1|Landorus-Therian, M|\n|poke|p1|Victini|\n|poke|p1|Kommo-o, F|\n|poke|p1|Celesteela|\n|poke|p2|Incineroar, F|\n|poke|p2|Mew|\n|poke|p2|Slurpuff, M|\n|poke|p2|Tapu Fini|\n|poke|p2|Vanilluxe, M|\n|poke|p2|Corviknight, F|\n|teampreview\n|j| PROTeya\n|j| zibuyu\n|\n|t:|1651727658\n|start\n|switch|p1a: Victini|Victini|100\/100\n|switch|p2a: Slurpuff|Slurpuff, M, shiny|100\/100\n|turn|1\n|j| FaeRen S\n|j| CreScent10\n|l| zibuyu\n|\n|t:|1651727681\n|move|p1a: Victini|Trick|p2a: Slurpuff\n|-activate|p1a: Victini|move: Trick|[of] p2a: Slurpuff\n|-item|p2a: Slurpuff|Choice Scarf|[from] move: Trick\n|-item|p1a: Victini|Focus Sash|[from] move: Trick\n|move|p2a: Slurpuff|Sticky Web|p1a: Victini\n|-sidestart|p1: Frederic chopain|move: Sticky Web\n|\n|upkeep\n|turn|2\n|inactive|Battle timer is ON: inactive players will automatically lose when time's up. (requested by Frederic chopain)\n|\n|t:|1651727696\n|move|p2a: Slurpuff|Sticky Web||[still]\n|-fail|p2a: Slurpuff\n|move|p1a: Victini|Blue Flare|p2a: Slurpuff\n|-damage|p2a: Slurpuff|36\/100\n|\n|upkeep\n|turn|3\n|\n|t:|1651727704\n|move|p2a: Slurpuff|Sticky Web||[still]\n|-fail|p2a: Slurpuff\n|move|p1a: Victini|Blue Flare|p2a: Slurpuff\n|-damage|p2a: Slurpuff|0 fnt\n|faint|p2a: Slurpuff\n|\n|upkeep\n|j| randomhobo999\n|\n|t:|1651727710\n|switch|p2a: Tapu Fini|Tapu Fini|100\/100\n|-fieldstart|move: Misty Terrain|[from] ability: Misty Surge|[of] p2a: Tapu Fini\n|turn|4\n|\n|t:|1651727714\n|move|p1a: Victini|Final Gambit|p2a: Tapu Fini\n|-damage|p2a: Tapu Fini|0 fnt\n|faint|p1a: Victini\n|faint|p2a: Tapu Fini\n|\n|upkeep\n|j| NormalBettle\n|-message|Frederic chopain forfeited.\n|\n|win|Skip The Drip\n|raw|Frederic chopain's rating: 1663 &rarr; <strong>1648<\/strong><br \/>(-15 for losing)\n|raw|Skip The Drip's rating: 1747 &rarr; <strong>1762<\/strong><br \/>(+15 for winning)\n|l|\u2606Frederic chopain\n|l|\u2606Skip The Drip\n|l| NormalBettle\n|c| CreScent10|What\n|l| FaeRen S\n|c| PROTeya|wierd\n|l| CreScent10\n","uploadtime":1651727745,"views":53,"p1id":"fredericchopain","p2id":"skipthedrip","formatid":"gen8ou","rating":1648,"private":0,"password":null}