{"id":"gen8ou-1428133560","p1":"Corumba","p2":"flygonisdragon","format":"gen8ou","log":"|j|\u2606Corumba\n|j|\u2606flygonisdragon\n|t:|1633213937\n|gametype|singles\n|player|p1|Corumba|schoolkid-gen4|1722\n|player|p2|flygonisdragon|ninjaboy|1768\n|teamsize|p1|6\n|teamsize|p2|6\n|gen|8\n|tier|[Gen 8] OU\n|rated|\n|rule|Sleep Clause Mod: Limit one foe put to sleep\n|rule|Species Clause: Limit one of each Pok\u00e9mon\n|rule|OHKO Clause: OHKO moves are banned\n|rule|Evasion Moves Clause: Evasion moves are banned\n|rule|Endless Battle Clause: Forcing endless battles is banned\n|rule|HP Percentage Mod: HP is shown in percentages\n|rule|Dynamax Clause: You cannot dynamax\n|clearpoke\n|poke|p1|Heatran, F|\n|poke|p1|Landorus-Therian, M|\n|poke|p1|Mew|\n|poke|p1|Tapu Fini|\n|poke|p1|Tornadus-Therian, M|\n|poke|p1|Weavile, M|\n|poke|p2|Dragapult, M|\n|poke|p2|Swampert, M|\n|poke|p2|Zapdos-Galar|\n|poke|p2|Melmetal|\n|poke|p2|Mamoswine, M|\n|poke|p2|Hatterene, F|\n|teampreview\n|\n|t:|1633213950\n|start\n|switch|p1a: Heatran|Heatran, F|100\/100\n|switch|p2a: Mamoswine|Mamoswine, M|100\/100\n|turn|1\n|\n|t:|1633213955\n|switch|p1a: Tapu Fini|Tapu Fini|100\/100\n|-fieldstart|move: Misty Terrain|[from] ability: Misty Surge|[of] p1a: Tapu Fini\n|move|p2a: Mamoswine|Earthquake|p1a: Tapu Fini\n|-damage|p1a: Tapu Fini|56\/100\n|\n|-heal|p1a: Tapu Fini|63\/100|[from] item: Leftovers\n|upkeep\n|turn|2\n|\n|t:|1633213963\n|switch|p2a: Swampert|Swampert, M|100\/100\n|move|p1a: Tapu Fini|Scald|p2a: Swampert\n|-crit|p2a: Swampert\n|-damage|p2a: Swampert|72\/100\n|\n|-heal|p1a: Tapu Fini|69\/100|[from] item: Leftovers\n|-heal|p2a: Swampert|78\/100|[from] item: Leftovers\n|upkeep\n|turn|3\n|\n|t:|1633213973\n|move|p1a: Tapu Fini|Calm Mind|p1a: Tapu Fini\n|-boost|p1a: Tapu Fini|spa|1\n|-boost|p1a: Tapu Fini|spd|1\n|move|p2a: Swampert|Stealth Rock|p1a: Tapu Fini\n|-sidestart|p1: Corumba|move: Stealth Rock\n|\n|-heal|p1a: Tapu Fini|75\/100|[from] item: Leftovers\n|-heal|p2a: Swampert|85\/100|[from] item: Leftovers\n|upkeep\n|turn|4\n|\n|t:|1633213979\n|move|p1a: Tapu Fini|Draining Kiss|p2a: Swampert\n|-damage|p2a: Swampert|67\/100\n|-heal|p1a: Tapu Fini|90\/100|[from] drain|[of] p2a: Swampert\n|move|p2a: Swampert|Earthquake|p1a: Tapu Fini\n|-damage|p1a: Tapu Fini|64\/100\n|\n|-heal|p1a: Tapu Fini|70\/100|[from] item: Leftovers\n|-heal|p2a: Swampert|74\/100|[from] item: Leftovers\n|upkeep\n|turn|5\n|\n|t:|1633213983\n|move|p1a: Tapu Fini|Calm Mind|p1a: Tapu Fini\n|-boost|p1a: Tapu Fini|spa|1\n|-boost|p1a: Tapu Fini|spd|1\n|move|p2a: Swampert|Earthquake|p1a: Tapu Fini\n|-damage|p1a: Tapu Fini|43\/100\n|\n|-heal|p1a: Tapu Fini|49\/100|[from] item: Leftovers\n|-heal|p2a: Swampert|80\/100|[from] item: Leftovers\n|-fieldend|Misty Terrain\n|upkeep\n|turn|6\n|\n|t:|1633213985\n|move|p1a: Tapu Fini|Draining Kiss|p2a: Swampert\n|-damage|p2a: Swampert|57\/100\n|-heal|p1a: Tapu Fini|69\/100|[from] drain|[of] p2a: Swampert\n|move|p2a: Swampert|Yawn|p1a: Tapu Fini\n|-start|p1a: Tapu Fini|move: Yawn|[of] p2a: Swampert\n|\n|-heal|p1a: Tapu Fini|75\/100|[from] item: Leftovers\n|-heal|p2a: Swampert|63\/100|[from] item: Leftovers\n|upkeep\n|turn|7\n|\n|t:|1633213992\n|move|p1a: Tapu Fini|Scald|p2a: Swampert\n|-damage|p2a: Swampert|27\/100\n|move|p2a: Swampert|Earthquake|p1a: Tapu Fini\n|-damage|p1a: Tapu Fini|51\/100\n|\n|-heal|p1a: Tapu Fini|57\/100|[from] item: Leftovers\n|-heal|p2a: Swampert|33\/100|[from] item: Leftovers\n|-end|p1a: Tapu Fini|move: Yawn|[silent]\n|-status|p1a: Tapu Fini|slp\n|upkeep\n|turn|8\n|\n|t:|1633213996\n|cant|p1a: Tapu Fini|slp\n|move|p2a: Swampert|Flip Turn|p1a: Tapu Fini\n|-resisted|p1a: Tapu Fini\n|-damage|p1a: Tapu Fini|48\/100 slp\n|\n|t:|1633214000\n|switch|p2a: Zapdos|Zapdos-Galar|100\/100|[from]move: Flip Turn\n|\n|-heal|p1a: Tapu Fini|54\/100 slp|[from] item: Leftovers\n|upkeep\n|turn|9\n|\n|t:|1633214005\n|switch|p1a: Heatran|Heatran, F|100\/100\n|-damage|p1a: Heatran|88\/100|[from] Stealth Rock\n|move|p2a: Zapdos|Brave Bird|p1a: Heatran\n|-resisted|p1a: Heatran\n|-damage|p1a: Heatran|49\/100\n|-damage|p2a: Zapdos|85\/100|[from] Recoil\n|\n|-heal|p1a: Heatran|55\/100|[from] item: Leftovers\n|upkeep\n|turn|10\n|\n|t:|1633214009\n|switch|p2a: Swampert|Swampert, M|33\/100\n|move|p1a: Heatran|Stealth Rock|p2a: Swampert\n|-sidestart|p2: flygonisdragon|move: Stealth Rock\n|\n|-heal|p1a: Heatran|62\/100|[from] item: Leftovers\n|-heal|p2a: Swampert|39\/100|[from] item: Leftovers\n|upkeep\n|turn|11\n|\n|t:|1633214014\n|switch|p1a: Mew|Mew|100\/100\n|-damage|p1a: Mew|88\/100|[from] Stealth Rock\n|move|p2a: Swampert|Flip Turn|p1a: Mew\n|-damage|p1a: Mew|69\/100\n|\n|t:|1633214020\n|switch|p2a: Hatterene|Hatterene, F|100\/100|[from]move: Flip Turn\n|-damage|p2a: Hatterene|88\/100|[from] Stealth Rock\n|\n|-heal|p1a: Mew|75\/100|[from] item: Leftovers\n|-heal|p2a: Hatterene|94\/100|[from] item: Leftovers\n|upkeep\n|turn|12\n|\n|t:|1633214025\n|move|p1a: Mew|Night Shade|p2a: Hatterene\n|-damage|p2a: Hatterene|63\/100\n|move|p2a: Hatterene|Calm Mind|p2a: Hatterene\n|-boost|p2a: Hatterene|spa|1\n|-boost|p2a: Hatterene|spd|1\n|\n|-heal|p1a: Mew|82\/100|[from] item: Leftovers\n|-heal|p2a: Hatterene|69\/100|[from] item: Leftovers\n|upkeep\n|turn|13\n|\n|t:|1633214029\n|switch|p1a: Heatran|Heatran, F|62\/100\n|-damage|p1a: Heatran|49\/100|[from] Stealth Rock\n|move|p2a: Hatterene|Calm Mind|p2a: Hatterene\n|-boost|p2a: Hatterene|spa|1\n|-boost|p2a: Hatterene|spd|1\n|\n|-heal|p1a: Heatran|55\/100|[from] item: Leftovers\n|-heal|p2a: Hatterene|75\/100|[from] item: Leftovers\n|upkeep\n|turn|14\n|\n|t:|1633214033\n|move|p1a: Heatran|Magma Storm|p2a: Hatterene|[miss]\n|-miss|p1a: Heatran|p2a: Hatterene\n|move|p2a: Hatterene|Calm Mind|p2a: Hatterene\n|-boost|p2a: Hatterene|spa|1\n|-boost|p2a: Hatterene|spd|1\n|\n|-heal|p1a: Heatran|62\/100|[from] item: Leftovers\n|-heal|p2a: Hatterene|81\/100|[from] item: Leftovers\n|upkeep\n|turn|15\n|\n|t:|1633214035\n|move|p1a: Heatran|Magma Storm|p2a: Hatterene|[miss]\n|-miss|p1a: Heatran|p2a: Hatterene\n|move|p2a: Hatterene|Calm Mind|p2a: Hatterene\n|-boost|p2a: Hatterene|spa|1\n|-boost|p2a: Hatterene|spd|1\n|\n|-heal|p1a: Heatran|68\/100|[from] item: Leftovers\n|-heal|p2a: Hatterene|87\/100|[from] item: Leftovers\n|upkeep\n|turn|16\n|\n|t:|1633214039\n|move|p1a: Heatran|Magma Storm|p2a: Hatterene\n|-damage|p2a: Hatterene|70\/100\n|-activate|p2a: Hatterene|move: Magma Storm|[of] p1a: Heatran\n|move|p2a: Hatterene|Psyshock|p1a: Heatran\n|-resisted|p1a: Heatran\n|-damage|p1a: Heatran|20\/100\n|\n|-heal|p1a: Heatran|26\/100|[from] item: Leftovers\n|-heal|p2a: Hatterene|76\/100|[from] item: Leftovers\n|-damage|p2a: Hatterene|64\/100|[from] move: Magma Storm|[partiallytrapped]\n|upkeep\n|turn|17\n|\n|t:|1633214045\n|move|p1a: Heatran|Magma Storm|p2a: Hatterene\n|-damage|p2a: Hatterene|49\/100\n|move|p2a: Hatterene|Psyshock|p1a: Heatran\n|-resisted|p1a: Heatran\n|-damage|p1a: Heatran|0 fnt\n|faint|p1a: Heatran\n|\n|-heal|p2a: Hatterene|55\/100|[from] item: Leftovers\n|-end|p2a: Hatterene|Magma Storm|[partiallytrapped]|[silent]\n|upkeep\n|\n|t:|1633214052\n|switch|p1a: Weavile|Weavile, M|100\/100\n|-ability|p1a: Weavile|Pressure\n|turn|18\n|\n|t:|1633214056\n|move|p1a: Weavile|Triple Axel|p2a: Hatterene\n|-damage|p2a: Hatterene|46\/100\n|-damage|p2a: Hatterene|29\/100\n|-damage|p2a: Hatterene|5\/100\n|-hitcount|p2a: Hatterene|3\n|move|p2a: Hatterene|Draining Kiss|p1a: Weavile\n|-supereffective|p1a: Weavile\n|-damage|p1a: Weavile|0 fnt\n|-heal|p2a: Hatterene|72\/100|[from] drain|[of] p1a: Weavile\n|faint|p1a: Weavile\n|\n|-heal|p2a: Hatterene|78\/100|[from] item: Leftovers\n|upkeep\n|-message|Corumba forfeited.\n|\n|win|flygonisdragon\n|raw|Corumba's rating: 1722 &rarr; <strong>1705<\/strong><br \/>(-17 for losing)\n|raw|flygonisdragon's rating: 1768 &rarr; <strong>1785<\/strong><br \/>(+17 for winning)\n|l|\u2606Corumba\n","uploadtime":1633214073,"views":64,"p1id":"corumba","p2id":"flygonisdragon","formatid":"gen8ou","rating":1705,"private":0,"password":null}