{"id":"gen8challengecup1v1-1702394762","p1":"knexhawk2","p2":"DreadlySinister","format":"gen8challengecup1v1","log":"|j|\u2606knexhawk2\n|j|\u2606DreadlySinister\n|inactive|Battle timer is ON: inactive players will automatically lose when time's up.\n|t:|1667546755\n|gametype|singles\n|player|p1|knexhawk2|benga|\n|player|p2|DreadlySinister|emmet|\n|teamsize|p1|6\n|teamsize|p2|6\n|gen|8\n|tier|[Gen 8] Challenge Cup 1v1\n|rated|Tournament battle\n|rule|HP Percentage Mod: HP is shown in percentages\n|rule|Dynamax Clause: You cannot dynamax\n|clearpoke\n|poke|p1|Cosmog, L98|\n|poke|p1|Hitmonchan, L76, M|\n|poke|p1|Roggenrola, L90, M|\n|poke|p1|Haunter, L81, F|\n|poke|p1|Gothita, L89, M|\n|poke|p1|Braviary, L73, M|\n|poke|p2|Frosmoth, L76, M|\n|poke|p2|Pancham, L85, M|\n|poke|p2|Popplio, L87, F|\n|poke|p2|Dewpider, L91, F|\n|poke|p2|Scyther, L74, F|\n|poke|p2|Hakamo-o, L79, M|\n|teampreview|1\n|j| Rosaism\n|c|\u2606knexhawk2|bringing  cosmog\n|inactive|knexhawk2 has 120 seconds left.\n|inactive|DreadlySinister has 120 seconds left.\n|j| comfey bean bag\n|\n|t:|1667546798\n|start\n|switch|p1a: Haunter|Haunter, L81, F|179\/179\n|switch|p2a: Frosmoth|Frosmoth, L76, M|209\/209\n|turn|1\n|\n|t:|1667546811\n|move|p1a: Haunter|Sludge Wave|p2a: Frosmoth\n|-damage|p2a: Frosmoth|85\/209\n|move|p2a: Frosmoth|Hail|p2a: Frosmoth\n|-weather|Hail\n|\n|-weather|Hail|[upkeep]\n|-damage|p1a: Haunter|168\/179|[from] Hail\n|upkeep\n|turn|2\n|c|\u2606DreadlySinister|welp\n|c|\u2606DreadlySinister|gg\n|\n|t:|1667546816\n|move|p1a: Haunter|Sludge Wave|p2a: Frosmoth\n|-damage|p2a: Frosmoth|0 fnt\n|faint|p2a: Frosmoth\n|\n|win|knexhawk2\n|n|\u2606knexhawk2|knexhawk2\n|n|\u2606DreadlySinister|dreadlysinister\n|n| Rosaism|rosaism\n|n| comfey bean bag|comfeybeanbag\n","uploadtime":1667546817,"views":9,"p1id":"knexhawk2","p2id":"dreadlysinister","formatid":"gen8challengecup1v1","rating":0,"private":0,"password":null}