{"id":"gen8vgc2021series9-1344854219","p1":"bhkg","p2":"CalzoneRipieno","format":"gen8vgc2021series9","log":"|j|\u2606bhkg\n|j|\u2606CalzoneRipieno\n|t:|1621613127\n|gametype|doubles\n|player|p1|bhkg|101|1355\n|player|p2|CalzoneRipieno|silver|1346\n|teamsize|p1|6\n|teamsize|p2|6\n|gen|8\n|tier|[Gen 8] VGC 2021 Series 9\n|rated|\n|rule|Species Clause: Limit one of each Pok\u00e9mon\n|rule|Item Clause: Limit one of each item\n|clearpoke\n|poke|p1|Centiskorch, L50, F|\n|poke|p1|Tapu Koko, L50|\n|poke|p1|Glastrier, L50|\n|poke|p1|Urshifu-*, L50, M|\n|poke|p1|Gastrodon, L50, F|\n|poke|p1|Articuno-Galar, L50|\n|poke|p2|Porygon-Z, L50|\n|poke|p2|Clefairy, L50, F|\n|poke|p2|Whimsicott, L50, M|\n|poke|p2|Regieleki, L50|\n|poke|p2|Landorus-Therian, L50, M|\n|poke|p2|Urshifu-*, L50, M|\n|teampreview|4\n|j| Srdevil\n|\n|t:|1621613176\n|start\n|switch|p1a: Tapu Koko|Tapu Koko, L50|100\/100\n|switch|p1b: Glastrier|Glastrier, L50|100\/100\n|switch|p2a: Clefairy|Clefairy, L50, F|100\/100\n|switch|p2b: Porygon-Z|Porygon-Z, L50|100\/100\n|-fieldstart|move: Electric Terrain|[from] ability: Electric Surge|[of] p1a: Tapu Koko\n|turn|1\n|\n|t:|1621613209\n|-start|p2b: Porygon-Z|Dynamax\n|-heal|p2b: Porygon-Z|100\/100|[silent]\n|-start|p1b: Glastrier|Dynamax\n|-heal|p1b: Glastrier|100\/100|[silent]\n|move|p2a: Clefairy|Helping Hand|p2b: Porygon-Z\n|-singleturn|p2b: Porygon-Z|Helping Hand|[of] p2a: Clefairy\n|move|p1a: Tapu Koko|Light Screen|p1a: Tapu Koko\n|-sidestart|p1: bhkg|move: Light Screen\n|move|p2b: Porygon-Z|Max Strike|p1b: Glastrier\n|-damage|p1b: Glastrier|63\/100\n|-unboost|p1a: Tapu Koko|spe|1\n|-unboost|p1b: Glastrier|spe|1\n|-damage|p2b: Porygon-Z|96\/100|[from] item: Life Orb\n|move|p1b: Glastrier|Max Quake|p2b: Porygon-Z\n|-damage|p2b: Porygon-Z|72\/100\n|-boost|p1a: Tapu Koko|spd|1\n|-boost|p1b: Glastrier|spd|1\n|\n|upkeep\n|turn|2\n|\n|t:|1621613228\n|move|p2a: Clefairy|Helping Hand|p2b: Porygon-Z\n|-singleturn|p2b: Porygon-Z|Helping Hand|[of] p2a: Clefairy\n|move|p1a: Tapu Koko|Electroweb|p2b: Porygon-Z|[spread] p2a,p2b\n|-damage|p2a: Clefairy|82\/100\n|-damage|p2b: Porygon-Z|60\/100\n|-unboost|p2a: Clefairy|spe|1\n|-unboost|p2b: Porygon-Z|spe|1\n|move|p2b: Porygon-Z|Max Strike|p1a: Tapu Koko\n|-damage|p1a: Tapu Koko|0 fnt\n|-unboost|p1b: Glastrier|spe|1\n|faint|p1a: Tapu Koko\n|-damage|p2b: Porygon-Z|55\/100|[from] item: Life Orb\n|move|p1b: Glastrier|Max Steelspike|p2a: Clefairy\n|-supereffective|p2a: Clefairy\n|-damage|p2a: Clefairy|0 fnt\n|-boost|p1b: Glastrier|def|1\n|faint|p2a: Clefairy\n|-ability|p1b: Glastrier|Chilling Neigh|boost\n|-boost|p1b: Glastrier|atk|1\n|\n|upkeep\n|\n|t:|1621613246\n|switch|p1a: Urshifu|Urshifu, L50, M|100\/100\n|switch|p2a: Urshifu|Urshifu-Rapid-Strike, L50, M|100\/100\n|turn|3\n|\n|t:|1621613259\n|move|p1a: Urshifu|Close Combat|p2b: Porygon-Z\n|-supereffective|p2b: Porygon-Z\n|-damage|p2b: Porygon-Z|0 fnt\n|-unboost|p1a: Urshifu|def|1\n|-unboost|p1a: Urshifu|spd|1\n|faint|p2b: Porygon-Z\n|move|p2a: Urshifu|Close Combat|p1b: Glastrier\n|-supereffective|p1b: Glastrier\n|-damage|p1b: Glastrier|20\/100\n|-unboost|p2a: Urshifu|def|1\n|-unboost|p2a: Urshifu|spd|1\n|move|p1b: Glastrier|Max Quake|p2a: Urshifu\n|-damage|p2a: Urshifu|0 fnt\n|-boost|p1a: Urshifu|spd|1\n|-boost|p1b: Glastrier|spd|1\n|faint|p2a: Urshifu\n|-ability|p1b: Glastrier|Chilling Neigh|boost\n|-boost|p1b: Glastrier|atk|1\n|\n|-end|p1b: Glastrier|Dynamax\n|-heal|p1b: Glastrier|20\/100|[silent]\n|upkeep\n|-message|CalzoneRipieno forfeited.\n|\n|win|bhkg\n|l|\u2606CalzoneRipieno\n|raw|bhkg's rating: 1355 &rarr; <strong>1374<\/strong><br \/>(+19 for winning)\n|raw|CalzoneRipieno's rating: 1346 &rarr; <strong>1327<\/strong><br \/>(-19 for losing)\n|l| Srdevil\n||Ladder isn't responding, score probably updated but might not have (Request timeout).\n","uploadtime":1621613282,"views":14,"p1id":"bhkg","p2id":"calzoneripieno","formatid":"gen8vgc2021series9","rating":1327,"private":0,"password":null}