{"id":"gen8ou-1619072240","p1":"JudicaelmangaVIDEO","p2":"tanishq1","format":"gen8ou","log":"|j|\u2606JudicaelmangaVIDEO\n|j|\u2606tanishq1\n|t:|1658049188\n|gametype|singles\n|player|p1|JudicaelmangaVIDEO|steven|1917\n|player|p2|tanishq1|169|1893\n|teamsize|p1|6\n|teamsize|p2|6\n|gen|8\n|tier|[Gen 8] OU\n|rated|\n|rule|Sleep Clause Mod: Limit one foe put to sleep\n|rule|Species Clause: Limit one of each Pok\u00e9mon\n|rule|OHKO Clause: OHKO moves are banned\n|rule|Evasion Moves Clause: Evasion moves are banned\n|rule|Endless Battle Clause: Forcing endless battles is banned\n|rule|HP Percentage Mod: HP is shown in percentages\n|rule|Dynamax Clause: You cannot dynamax\n|clearpoke\n|poke|p1|Dragapult, F|\n|poke|p1|Kartana|\n|poke|p1|Blissey, F|\n|poke|p1|Tapu Fini|\n|poke|p1|Landorus-Therian, M|\n|poke|p1|Melmetal|\n|poke|p2|Urshifu-*, F|\n|poke|p2|Heatran, F|\n|poke|p2|Rotom-Wash|\n|poke|p2|Landorus-Therian, M|\n|poke|p2|Tapu Lele|\n|poke|p2|Weavile, M|\n|teampreview\n|inactive|Battle timer is ON: inactive players will automatically lose when time's up. (requested by JudicaelmangaVIDEO)\n|c|\u2606JudicaelmangaVIDEO|Gl\n|\n|t:|1658049204\n|start\n|switch|p1a: Kartana|Kartana|100\/100\n|switch|p2a: Tapu Lele|Tapu Lele|100\/100\n|-fieldstart|move: Psychic Terrain|[from] ability: Psychic Surge|[of] p2a: Tapu Lele\n|turn|1\n|\n|t:|1658049210\n|move|p2a: Tapu Lele|Focus Blast|p1a: Kartana\n|-supereffective|p1a: Kartana\n|-damage|p1a: Kartana|0 fnt\n|faint|p1a: Kartana\n|\n|upkeep\n|\n|t:|1658049213\n|switch|p1a: Dragapult|Dragapult, F|100\/100\n|turn|2\n|\n|t:|1658049215\n|switch|p2a: Rotom|Rotom-Wash|100\/100\n|move|p1a: Dragapult|Shadow Ball|p2a: Rotom\n|-damage|p2a: Rotom|61\/100\n|\n|-heal|p2a: Rotom|67\/100|[from] item: Leftovers\n|upkeep\n|turn|3\n|\n|t:|1658049219\n|move|p1a: Dragapult|Shadow Ball|p2a: Rotom\n|-damage|p2a: Rotom|26\/100\n|move|p2a: Rotom|Toxic|p1a: Dragapult\n|-status|p1a: Dragapult|tox\n|\n|-heal|p2a: Rotom|33\/100|[from] item: Leftovers\n|-damage|p1a: Dragapult|95\/100 tox|[from] psn\n|upkeep\n|turn|4\n|\n|t:|1658049222\n|switch|p2a: Weavile|Weavile, M|100\/100\n|-ability|p2a: Weavile|Pressure\n|move|p1a: Dragapult|Shadow Ball|p2a: Weavile\n|-resisted|p2a: Weavile\n|-damage|p2a: Weavile|63\/100\n|\n|-damage|p1a: Dragapult|83\/100 tox|[from] psn\n|upkeep\n|turn|5\n|\n|t:|1658049225\n|switch|p1a: Tapu Fini|Tapu Fini|100\/100\n|-fieldstart|move: Misty Terrain|[from] ability: Misty Surge|[of] p1a: Tapu Fini\n|move|p2a: Weavile|Knock Off|p1a: Tapu Fini\n|-resisted|p1a: Tapu Fini\n|-damage|p1a: Tapu Fini|69\/100\n|-enditem|p1a: Tapu Fini|Leftovers|[from] move: Knock Off|[of] p2a: Weavile\n|\n|upkeep\n|turn|6\n|\n|t:|1658049229\n|switch|p2a: Rotom|Rotom-Wash|33\/100\n|move|p1a: Tapu Fini|Draining Kiss|p2a: Rotom\n|-damage|p2a: Rotom|15\/100\n|-heal|p1a: Tapu Fini|81\/100|[from] drain|[of] p2a: Rotom\n|\n|-heal|p2a: Rotom|21\/100|[from] item: Leftovers\n|upkeep\n|turn|7\n|\n|t:|1658049233\n|switch|p1a: Blissey|Blissey, F|100\/100\n|move|p2a: Rotom|Pain Split|p1a: Blissey\n|-sethp|p1a: Blissey|55\/100|[from] move: Pain Split|[silent]\n|-sethp|p2a: Rotom|100\/100|[from] move: Pain Split\n|\n|-heal|p1a: Blissey|61\/100|[from] item: Leftovers\n|upkeep\n|turn|8\n|\n|t:|1658049236\n|move|p2a: Rotom|Volt Switch|p1a: Blissey\n|-damage|p1a: Blissey|51\/100\n|\n|t:|1658049237\n|switch|p2a: Urshifu|Urshifu-Rapid-Strike, F|100\/100|[from]move: Volt Switch\n|move|p1a: Blissey|Stealth Rock|p2a: Urshifu\n|-sidestart|p2: tanishq1|move: Stealth Rock\n|\n|-heal|p1a: Blissey|57\/100|[from] item: Leftovers\n|upkeep\n|turn|9\n|\n|t:|1658049242\n|switch|p1a: Tapu Fini|Tapu Fini|81\/100\n|move|p2a: Urshifu|Surging Strikes|p1a: Tapu Fini\n|-resisted|p1a: Tapu Fini\n|-crit|p1a: Tapu Fini\n|-damage|p1a: Tapu Fini|72\/100\n|-resisted|p1a: Tapu Fini\n|-crit|p1a: Tapu Fini\n|-damage|p1a: Tapu Fini|63\/100\n|-resisted|p1a: Tapu Fini\n|-crit|p1a: Tapu Fini\n|-damage|p1a: Tapu Fini|55\/100\n|-hitcount|p1a: Tapu Fini|3\n|\n|-fieldend|Misty Terrain\n|upkeep\n|turn|10\n|\n|t:|1658049245\n|move|p2a: Urshifu|U-turn|p1a: Tapu Fini\n|-resisted|p1a: Tapu Fini\n|-damage|p1a: Tapu Fini|44\/100\n|\n|t:|1658049247\n|switch|p2a: Rotom|Rotom-Wash|100\/100|[from]move: U-turn\n|-damage|p2a: Rotom|88\/100|[from] Stealth Rock\n|move|p1a: Tapu Fini|Calm Mind|p1a: Tapu Fini\n|-boost|p1a: Tapu Fini|spa|1\n|-boost|p1a: Tapu Fini|spd|1\n|\n|-heal|p2a: Rotom|94\/100|[from] item: Leftovers\n|upkeep\n|turn|11\n|\n|t:|1658049250\n|move|p2a: Rotom|Toxic|p1a: Tapu Fini\n|-status|p1a: Tapu Fini|tox\n|move|p1a: Tapu Fini|Draining Kiss|p2a: Rotom\n|-damage|p2a: Rotom|68\/100\n|-heal|p1a: Tapu Fini|62\/100 tox|[from] drain|[of] p2a: Rotom\n|\n|-heal|p2a: Rotom|75\/100|[from] item: Leftovers\n|-damage|p1a: Tapu Fini|55\/100 tox|[from] psn\n|upkeep\n|turn|12\n|\n|t:|1658049254\n|move|p2a: Rotom|Volt Switch|p1a: Tapu Fini\n|-supereffective|p1a: Tapu Fini\n|-damage|p1a: Tapu Fini|28\/100 tox\n|\n|t:|1658049256\n|switch|p2a: Heatran|Heatran, F|100\/100|[from]move: Volt Switch\n|-damage|p2a: Heatran|88\/100|[from] Stealth Rock\n|move|p1a: Tapu Fini|Scald|p2a: Heatran\n|-supereffective|p2a: Heatran\n|-damage|p2a: Heatran|0 fnt\n|faint|p2a: Heatran\n|\n|-damage|p1a: Tapu Fini|15\/100 tox|[from] psn\n|upkeep\n|\n|t:|1658049264\n|switch|p2a: Rotom|Rotom-Wash|75\/100\n|-damage|p2a: Rotom|62\/100|[from] Stealth Rock\n|turn|13\n|\n|t:|1658049267\n|move|p2a: Rotom|Volt Switch|p1a: Tapu Fini\n|-supereffective|p1a: Tapu Fini\n|-damage|p1a: Tapu Fini|0 fnt\n|faint|p1a: Tapu Fini\n|\n|t:|1658049269\n|switch|p2a: Landorus|Landorus-Therian, M|100\/100|[from]move: Volt Switch\n|-damage|p2a: Landorus|88\/100|[from] Stealth Rock\n|\n|-heal|p2a: Landorus|94\/100|[from] item: Leftovers\n|upkeep\n|\n|t:|1658049272\n|switch|p1a: Landorus|Landorus-Therian, M|100\/100\n|-ability|p1a: Landorus|Intimidate|boost\n|-unboost|p2a: Landorus|atk|1\n|turn|14\n|\n|t:|1658049275\n|move|p2a: Landorus|Defog|p1a: Landorus\n|-unboost|p1a: Landorus|evasion|1\n|-sideend|p2: tanishq1|Stealth Rock|[from] move: Defog|[of] p2a: Landorus\n|move|p1a: Landorus|Stone Edge|p2a: Landorus\n|-damage|p2a: Landorus|57\/100\n|\n|-heal|p2a: Landorus|63\/100|[from] item: Leftovers\n|upkeep\n|turn|15\n|\n|t:|1658049278\n|move|p2a: Landorus|Toxic|p1a: Landorus\n|-status|p1a: Landorus|tox\n|move|p1a: Landorus|U-turn|p2a: Landorus\n|-resisted|p2a: Landorus\n|-damage|p2a: Landorus|48\/100\n|\n|t:|1658049280\n|switch|p1a: Dragapult|Dragapult, F|83\/100 tox|[from]move: U-turn\n|\n|-heal|p2a: Landorus|54\/100|[from] item: Leftovers\n|-damage|p1a: Dragapult|77\/100 tox|[from] psn\n|upkeep\n|turn|16\n|\n|t:|1658049282\n|move|p1a: Dragapult|Draco Meteor|p2a: Landorus\n|-damage|p2a: Landorus|0 fnt\n|-unboost|p1a: Dragapult|spa|2\n|faint|p2a: Landorus\n|\n|-damage|p1a: Dragapult|65\/100 tox|[from] psn\n|upkeep\n|\n|t:|1658049284\n|switch|p2a: Tapu Lele|Tapu Lele|100\/100\n|-fieldstart|move: Psychic Terrain|[from] ability: Psychic Surge|[of] p2a: Tapu Lele\n|turn|17\n|\n|t:|1658049287\n|switch|p2a: Urshifu|Urshifu-Rapid-Strike, F|100\/100\n|switch|p1a: Melmetal|Melmetal|100\/100\n|\n|upkeep\n|turn|18\n|\n|t:|1658049301\n|switch|p1a: Blissey|Blissey, F|57\/100\n|move|p2a: Urshifu|U-turn|p1a: Blissey\n|-damage|p1a: Blissey|37\/100\n|\n|t:|1658049304\n|switch|p2a: Weavile|Weavile, M|63\/100|[from]move: U-turn\n|-ability|p2a: Weavile|Pressure\n|\n|-heal|p1a: Blissey|44\/100|[from] item: Leftovers\n|upkeep\n|turn|19\n|\n|t:|1658049306\n|move|p2a: Weavile|Knock Off|p1a: Blissey\n|-crit|p1a: Blissey\n|-damage|p1a: Blissey|0 fnt\n|-enditem|p1a: Blissey|Leftovers|[from] move: Knock Off|[of] p2a: Weavile\n|faint|p1a: Blissey\n|\n|upkeep\n|\n|t:|1658049307\n|switch|p1a: Dragapult|Dragapult, F|65\/100 tox\n|turn|20\n|\n|t:|1658049310\n|switch|p2a: Tapu Lele|Tapu Lele|100\/100\n|move|p1a: Dragapult|Draco Meteor|p2a: Tapu Lele\n|-immune|p2a: Tapu Lele\n|\n|-damage|p1a: Dragapult|59\/100 tox|[from] psn\n|upkeep\n|turn|21\n|\n|t:|1658049313\n|switch|p1a: Melmetal|Melmetal|100\/100\n|move|p2a: Tapu Lele|Moonblast|p1a: Melmetal\n|-resisted|p1a: Melmetal\n|-damage|p1a: Melmetal|83\/100\n|\n|-fieldend|move: Psychic Terrain\n|upkeep\n|turn|22\n|\n|t:|1658049315\n|switch|p2a: Rotom|Rotom-Wash|62\/100\n|move|p1a: Melmetal|Superpower|p2a: Rotom\n|-damage|p2a: Rotom|14\/100\n|-unboost|p1a: Melmetal|atk|1\n|-unboost|p1a: Melmetal|def|1\n|\n|-heal|p2a: Rotom|20\/100|[from] item: Leftovers\n|upkeep\n|turn|23\n|\n|t:|1658049318\n|switch|p1a: Landorus|Landorus-Therian, M|100\/100 tox\n|-ability|p1a: Landorus|Intimidate|boost\n|-unboost|p2a: Rotom|atk|1\n|move|p2a: Rotom|Pain Split|p1a: Landorus\n|-sethp|p1a: Landorus|58\/100 tox|[from] move: Pain Split|[silent]\n|-sethp|p2a: Rotom|73\/100|[from] move: Pain Split\n|\n|-heal|p1a: Landorus|64\/100 tox|[from] item: Leftovers\n|-heal|p2a: Rotom|79\/100|[from] item: Leftovers\n|-damage|p1a: Landorus|58\/100 tox|[from] psn\n|upkeep\n|turn|24\n|\n|t:|1658049320\n|move|p1a: Landorus|Stone Edge|p2a: Rotom\n|-damage|p2a: Rotom|37\/100\n|move|p2a: Rotom|Hydro Pump|p1a: Landorus\n|-supereffective|p1a: Landorus\n|-damage|p1a: Landorus|0 fnt\n|faint|p1a: Landorus\n|\n|-heal|p2a: Rotom|44\/100|[from] item: Leftovers\n|upkeep\n|\n|t:|1658049324\n|switch|p1a: Dragapult|Dragapult, F|59\/100 tox\n|turn|25\n|\n|t:|1658049328\n|switch|p2a: Tapu Lele|Tapu Lele|100\/100\n|-fieldstart|move: Psychic Terrain|[from] ability: Psychic Surge|[of] p2a: Tapu Lele\n|move|p1a: Dragapult|Shadow Ball|p2a: Tapu Lele\n|-supereffective|p2a: Tapu Lele\n|-damage|p2a: Tapu Lele|0 fnt\n|faint|p2a: Tapu Lele\n|\n|-damage|p1a: Dragapult|53\/100 tox|[from] psn\n|upkeep\n|\n|t:|1658049330\n|switch|p2a: Weavile|Weavile, M|63\/100\n|-ability|p2a: Weavile|Pressure\n|turn|26\n|\n|t:|1658049332\n|switch|p1a: Melmetal|Melmetal|83\/100\n|move|p2a: Weavile|Knock Off|p1a: Melmetal\n|-damage|p1a: Melmetal|42\/100\n|-enditem|p1a: Melmetal|Assault Vest|[from] move: Knock Off|[of] p2a: Weavile\n|\n|upkeep\n|turn|27\n|\n|t:|1658049339\n|switch|p2a: Rotom|Rotom-Wash|44\/100\n|move|p1a: Melmetal|Double Iron Bash|p2a: Rotom\n|-resisted|p2a: Rotom\n|-damage|p2a: Rotom|31\/100\n|-resisted|p2a: Rotom\n|-damage|p2a: Rotom|21\/100\n|-hitcount|p2a: Rotom|2\n|\n|-heal|p2a: Rotom|27\/100|[from] item: Leftovers\n|upkeep\n|turn|28\n|\n|t:|1658049345\n|move|p2a: Rotom|Hydro Pump|p1a: Melmetal|[miss]\n|-miss|p2a: Rotom|p1a: Melmetal\n|move|p1a: Melmetal|Superpower|p2a: Rotom\n|-damage|p2a: Rotom|0 fnt\n|-unboost|p1a: Melmetal|atk|1\n|-unboost|p1a: Melmetal|def|1\n|faint|p2a: Rotom\n|\n|upkeep\n|\n|t:|1658049351\n|switch|p2a: Weavile|Weavile, M|63\/100\n|-ability|p2a: Weavile|Pressure\n|turn|29\n|\n|t:|1658049356\n|move|p2a: Weavile|Low Kick|p1a: Melmetal\n|-supereffective|p1a: Melmetal\n|-damage|p1a: Melmetal|0 fnt\n|faint|p1a: Melmetal\n|\n|-fieldend|move: Psychic Terrain\n|upkeep\n|\n|t:|1658049358\n|switch|p1a: Dragapult|Dragapult, F|53\/100 tox\n|turn|30\n|\n|t:|1658049359\n|switch|p2a: Urshifu|Urshifu-Rapid-Strike, F|100\/100\n|move|p1a: Dragapult|Draco Meteor|p2a: Urshifu\n|-damage|p2a: Urshifu|0 fnt\n|-unboost|p1a: Dragapult|spa|2\n|faint|p2a: Urshifu\n|\n|-damage|p1a: Dragapult|47\/100 tox|[from] psn\n|upkeep\n|\n|t:|1658049361\n|switch|p2a: Weavile|Weavile, M|63\/100\n|-ability|p2a: Weavile|Pressure\n|turn|31\n|\n|t:|1658049363\n|move|p2a: Weavile|Ice Shard|p1a: Dragapult\n|-supereffective|p1a: Dragapult\n|-damage|p1a: Dragapult|0 fnt\n|faint|p1a: Dragapult\n|\n|win|tanishq1\n|raw|JudicaelmangaVIDEO's rating: 1917 &rarr; <strong>1896<\/strong><br \/>(-21 for losing)\n|raw|tanishq1's rating: 1893 &rarr; <strong>1914<\/strong><br \/>(+21 for winning)\n|l|\u2606tanishq1\n|l|\u2606JudicaelmangaVIDEO\n","uploadtime":1658049370,"views":45,"p1id":"judicaelmangavideo","p2id":"tanishq1","formatid":"gen8ou","rating":1896,"private":0,"password":null}