{"id":"gen8ou-1144996801","p1":"ElTester2000","p2":"Charli91","format":"gen8ou","log":"|j|\u2606ElTester2000\n|j|\u2606Charli91\n|player|p1|ElTester2000|126|1566\n|player|p2|Charli91|101|1612\n|teamsize|p1|6\n|teamsize|p2|6\n|gametype|singles\n|gen|8\n|tier|[Gen 8] OU\n|rated|\n|clearpoke\n|poke|p1|Poliwrath, M|\n|poke|p1|Pelipper, M|\n|poke|p1|Kingdra, M|\n|poke|p1|Ferrothorn, M|\n|poke|p1|Barraskewda, M|\n|poke|p1|Scizor, M|\n|poke|p2|Magearna|\n|poke|p2|Darmanitan, M|\n|poke|p2|Toxtricity, M|\n|poke|p2|Barraskewda, M|\n|poke|p2|Mew|\n|poke|p2|Scizor, M|\n|rule|Sleep Clause Mod: Limit one foe put to sleep\n|rule|Species Clause: Limit one of each Pok\u00e9mon\n|rule|OHKO Clause: OHKO moves are banned\n|rule|Evasion Moves Clause: Evasion moves are banned\n|rule|Endless Battle Clause: Forcing endless battles is banned\n|rule|HP Percentage Mod: HP is shown in percentages\n|rule|Dynamax Clause: You cannot dynamax\n|teampreview\n|inactive|Battle timer is ON: inactive players will automatically lose when time's up. (requested by ElTester2000)\n|\n|start\n|switch|p1a: Sniper|Barraskewda, M|100\/100\n|switch|p2a: Mew|Mew|100\/100\n|turn|1\n|\n|move|p1a: Sniper|Flip Turn|p2a: Mew\n|-damage|p2a: Mew|50\/100\n|j| NewMetaBot1\n|\n|switch|p1a: Cacharcas|Ferrothorn, M|100\/100|[from]move: Flip Turn\n|move|p2a: Mew|Volt Switch|p1a: Cacharcas\n|-resisted|p1a: Cacharcas\n|-damage|p1a: Cacharcas|92\/100\n|\n|switch|p2a: Darmanitan|Darmanitan, M|100\/100|[from]move: Volt Switch\n|\n|-heal|p1a: Cacharcas|98\/100|[from] item: Leftovers\n|upkeep\n|turn|2\n|\n|move|p2a: Darmanitan|Flare Blitz|p1a: Cacharcas\n|-supereffective|p1a: Cacharcas\n|-damage|p1a: Cacharcas|0 fnt\n|-damage|p2a: Darmanitan|88\/100|[from] ability: Iron Barbs|[of] p1a: Cacharcas\n|-damage|p2a: Darmanitan|56\/100|[from] Recoil\n|faint|p1a: Cacharcas\n|\n|upkeep\n|\n|switch|p1a: Pelikan|Pelipper, M|100\/100\n|-weather|RainDance|[from] ability: Drizzle|[of] p1a: Pelikan\n|turn|3\n|\n|move|p2a: Darmanitan|Flare Blitz|p1a: Pelikan\n|-resisted|p1a: Pelikan\n|-damage|p1a: Pelikan|84\/100\n|-damage|p2a: Darmanitan|51\/100|[from] Recoil\n|move|p1a: Pelikan|U-turn|p2a: Darmanitan\n|-resisted|p2a: Darmanitan\n|-crit|p2a: Darmanitan\n|-damage|p2a: Darmanitan|42\/100\n|\n|switch|p1a: Sniper|Barraskewda, M|100\/100|[from]move: U-turn\n|\n|-weather|RainDance|[upkeep]\n|upkeep\n|turn|4\n|\n|move|p1a: Sniper|Flip Turn|p2a: Darmanitan\n|-supereffective|p2a: Darmanitan\n|-damage|p2a: Darmanitan|0 fnt\n|faint|p2a: Darmanitan\n|\n|switch|p1a: X|Scizor, M|100\/100|[from]move: Flip Turn\n|\n|-weather|RainDance|[upkeep]\n|upkeep\n|\n|switch|p2a: Toxtricity|Toxtricity, M|100\/100\n|turn|5\n|\n|move|p2a: Toxtricity|Overdrive|p1a: X\n|-damage|p1a: X|2\/100\n|move|p1a: X|U-turn|p2a: Toxtricity\n|-resisted|p2a: Toxtricity\n|-damage|p2a: Toxtricity|56\/100\n|\n|switch|p1a: Sniper|Barraskewda, M|100\/100|[from]move: U-turn\n|\n|-weather|RainDance|[upkeep]\n|upkeep\n|turn|6\n|l| NewMetaBot1\n|\n|switch|p2a: Scizor|Scizor, M|100\/100\n|move|p1a: Sniper|Flip Turn|p2a: Scizor\n|-damage|p2a: Scizor|26\/100\n|\n|switch|p1a: Drake|Kingdra, M|100\/100|[from]move: Flip Turn\n|\n|-weather|RainDance|[upkeep]\n|upkeep\n|turn|7\n|j| NewMetaBot1\n|\n|move|p2a: Scizor|Bullet Punch|p1a: Drake\n|-resisted|p1a: Drake\n|-damage|p1a: Drake|69\/100\n|move|p1a: Drake|Surf|p2a: Scizor\n|-damage|p2a: Scizor|0 fnt\n|faint|p2a: Scizor\n|\n|-weather|RainDance|[upkeep]\n|upkeep\n|\n|switch|p2a: Barraskewda|Barraskewda, M|100\/100\n|turn|8\n|\n|switch|p1a: Pelikan|Pelipper, M|84\/100\n|move|p2a: Barraskewda|Close Combat|p1a: Pelikan\n|-resisted|p1a: Pelikan\n|-damage|p1a: Pelikan|61\/100\n|-unboost|p2a: Barraskewda|def|1\n|-unboost|p2a: Barraskewda|spd|1\n|-damage|p2a: Barraskewda|91\/100|[from] item: Life Orb\n|\n|-weather|RainDance|[upkeep]\n|upkeep\n|turn|9\n|\n|switch|p2a: Magearna|Magearna|100\/100\n|move|p1a: Pelikan|U-turn|p2a: Magearna\n|-resisted|p2a: Magearna\n|-damage|p2a: Magearna|99\/100\n|\n|switch|p1a: X|Scizor, M|2\/100|[from]move: U-turn\n|\n|-weather|RainDance|[upkeep]\n|upkeep\n|turn|10\n|\n|move|p1a: X|Bullet Punch|p2a: Magearna\n|-damage|p2a: Magearna|55\/100\n|move|p2a: Magearna|Energy Ball|p1a: X\n|-resisted|p1a: X\n|-damage|p1a: X|0 fnt\n|faint|p1a: X\n|-ability|p2a: Magearna|Soul-Heart|boost\n|-boost|p2a: Magearna|spa|1\n|\n|-weather|none\n|upkeep\n|\n|switch|p1a: Pelikan|Pelipper, M|61\/100\n|-weather|RainDance|[from] ability: Drizzle|[of] p1a: Pelikan\n|turn|11\n|\n|switch|p1a: Buffo|Poliwrath, M|100\/100\n|move|p2a: Magearna|Energy Ball|p1a: Buffo\n|-supereffective|p1a: Buffo\n|-damage|p1a: Buffo|0 fnt\n|faint|p1a: Buffo\n|-ability|p2a: Magearna|Soul-Heart|boost\n|-boost|p2a: Magearna|spa|1\n|\n|-weather|RainDance|[upkeep]\n|upkeep\n|\n|switch|p1a: Drake|Kingdra, M|69\/100\n|turn|12\n|\n|move|p1a: Drake|Surf|p2a: Magearna\n|-damage|p2a: Magearna|0 fnt\n|faint|p2a: Magearna\n|\n|-weather|RainDance|[upkeep]\n|upkeep\n|\n|switch|p2a: Barraskewda|Barraskewda, M|91\/100\n|turn|13\n|\n|move|p2a: Barraskewda|Flip Turn|p1a: Drake\n|-resisted|p1a: Drake\n|-damage|p1a: Drake|50\/100\n|-damage|p2a: Barraskewda|81\/100|[from] item: Life Orb\n|\n|switch|p2a: Toxtricity|Toxtricity, M|56\/100|[from]move: Flip Turn\n|move|p1a: Drake|Surf|p2a: Toxtricity\n|-damage|p2a: Toxtricity|0 fnt\n|faint|p2a: Toxtricity\n|\n|-weather|RainDance|[upkeep]\n|upkeep\n|\n|switch|p2a: Barraskewda|Barraskewda, M|81\/100\n|turn|14\n|\n|move|p2a: Barraskewda|Close Combat|p1a: Drake\n|-damage|p1a: Drake|0 fnt\n|-unboost|p2a: Barraskewda|def|1\n|-unboost|p2a: Barraskewda|spd|1\n|-damage|p2a: Barraskewda|71\/100|[from] item: Life Orb\n|faint|p1a: Drake\n|\n|-weather|RainDance|[upkeep]\n|upkeep\n|\n|switch|p1a: Pelikan|Pelipper, M|61\/100\n|turn|15\n|\n|move|p2a: Barraskewda|Flip Turn|p1a: Pelikan\n|-resisted|p1a: Pelikan\n|-damage|p1a: Pelikan|37\/100\n|-damage|p2a: Barraskewda|61\/100|[from] item: Life Orb\n|\n|switch|p2a: Mew|Mew|50\/100|[from]move: Flip Turn\n|move|p1a: Pelikan|Roost|p1a: Pelikan\n|-heal|p1a: Pelikan|87\/100\n|-singleturn|p1a: Pelikan|move: Roost\n|\n|-weather|RainDance|[upkeep]\n|upkeep\n|turn|16\n|\n|move|p2a: Mew|Volt Switch|p1a: Pelikan\n|-supereffective|p1a: Pelikan\n|-damage|p1a: Pelikan|0 fnt\n|faint|p1a: Pelikan\n|\n|switch|p2a: Barraskewda|Barraskewda, M|61\/100|[from]move: Volt Switch\n|\n|-weather|RainDance|[upkeep]\n|upkeep\n|\n|switch|p1a: Sniper|Barraskewda, M|100\/100\n|turn|17\n|\n|move|p1a: Sniper|Flip Turn|p2a: Barraskewda\n|-resisted|p2a: Barraskewda\n|-damage|p2a: Barraskewda|0 fnt\n|faint|p2a: Barraskewda\n|\n|-weather|RainDance|[upkeep]\n|upkeep\n|\n|switch|p2a: Mew|Mew|50\/100\n|turn|18\n|\n|move|p1a: Sniper|Flip Turn|p2a: Mew\n|-damage|p2a: Mew|0 fnt\n|faint|p2a: Mew\n|\n|win|ElTester2000\n|c|\u2606Charli91|Gg\n|raw|ElTester2000's rating: 1566 &rarr; <strong>1589<\/strong><br \/>(+23 for winning)\n|raw|Charli91's rating: 1612 &rarr; <strong>1589<\/strong><br \/>(-23 for losing)\n|c|\u2606ElTester2000|Gg\n|l|\u2606ElTester2000\n","uploadtime":1593874520,"views":49,"p1id":"eltester2000","p2id":"charli91","formatid":"gen8ou","rating":1589,"private":0,"password":null}