{"id":"gen8nationaldexag-1696809387","p1":"yokobaby","p2":"AzaleaPatch","format":"gen8nationaldexag","log":"|j|\u2606yokobaby\n|j|\u2606AzaleaPatch\n|inactive|Battle timer is ON: inactive players will automatically lose when time's up.\n|t:|1666932437\n|gametype|singles\n|player|p1|yokobaby|pokemonrangerf-gen4|\n|player|p2|AzaleaPatch|lady|\n|teamsize|p1|6\n|teamsize|p2|6\n|gen|8\n|tier|[Gen 8] National Dex AG\n|rated|Tournament battle\n|rule|HP Percentage Mod: HP is shown in percentages\n|rule|Endless Battle Clause: Forcing endless battles is banned\n|clearpoke\n|poke|p1|Zacian-*|\n|poke|p1|Kyogre|\n|poke|p1|Rayquaza|\n|poke|p1|Marshadow|\n|poke|p1|Ditto|\n|poke|p1|Arceus-*|\n|poke|p2|Groudon|\n|poke|p2|Zacian-*|\n|poke|p2|Yveltal|\n|poke|p2|Rayquaza|\n|poke|p2|Marshadow|\n|poke|p2|Necrozma-Dusk-Mane|\n|teampreview\n|j| TaxFraud094\n|\n|t:|1666932459\n|start\n|switch|p1a: Arceus|Arceus-Electric|100\/100\n|switch|p2a: Groudon|Groudon|100\/100\n|detailschange|p2a: Groudon|Groudon-Primal\n|-primal|p2a: Groudon\n|-weather|DesolateLand|[from] ability: Desolate Land|[of] p2a: Groudon\n|turn|1\n|\n|t:|1666932465\n|move|p1a: Arceus|Stealth Rock|p2a: Groudon\n|-sidestart|p2: AzaleaPatch|move: Stealth Rock\n|move|p2a: Groudon|Earthquake|p1a: Arceus\n|-supereffective|p1a: Arceus\n|-damage|p1a: Arceus|0 fnt\n|faint|p1a: Arceus\n|\n|-weather|DesolateLand|[upkeep]\n|upkeep\n|j| LocalMetagross\n|\n|t:|1666932468\n|switch|p1a: Kyogre|Kyogre|100\/100\n|detailschange|p1a: Kyogre|Kyogre-Primal\n|-primal|p1a: Kyogre\n|-weather|PrimordialSea|[from] ability: Primordial Sea|[of] p1a: Kyogre\n|turn|2\n|j|+Frozoid\n|\n|t:|1666932489\n|switch|p2a: Necrozma|Necrozma-Dusk-Mane|100\/100\n|-damage|p2a: Necrozma|95\/100|[from] Stealth Rock\n|move|p1a: Kyogre|Water Spout|p2a: Necrozma\n|-damage|p2a: Necrozma|0 fnt\n|faint|p2a: Necrozma\n|\n|-weather|PrimordialSea|[upkeep]\n|upkeep\n|\n|t:|1666932495\n|switch|p2a: Rayquaza|Rayquaza|100\/100\n|-damage|p2a: Rayquaza|76\/100|[from] Stealth Rock\n|-ability|p2a: Rayquaza|Air Lock\n|turn|3\n|c|\u2606AzaleaPatch|I can't believe I just misclicked like that\n|inactive|AzaleaPatch has 120 seconds left.\n|\n|t:|1666932522\n|detailschange|p2a: Rayquaza|Rayquaza-Mega\n|-mega|p2a: Rayquaza|Rayquaza|\n|-weather|DeltaStream|[from] ability: Delta Stream|[of] p2a: Rayquaza\n|move|p2a: Rayquaza|Dragon Ascent|p1a: Kyogre\n|-damage|p1a: Kyogre|0 fnt\n|-unboost|p2a: Rayquaza|def|1\n|-unboost|p2a: Rayquaza|spd|1\n|faint|p1a: Kyogre\n|-damage|p2a: Rayquaza|66\/100|[from] item: Life Orb\n|\n|-weather|DeltaStream|[upkeep]\n|upkeep\n|\n|t:|1666932536\n|switch|p1a: Marshadow|Marshadow|100\/100\n|turn|4\n|j| Vwood\n|\n|t:|1666932540\n|move|p1a: Marshadow|Poltergeist|p2a: Rayquaza\n|-activate|p2a: Rayquaza|move: Poltergeist|Life Orb\n|-damage|p2a: Rayquaza|0 fnt\n|faint|p2a: Rayquaza\n|-weather|none\n|-damage|p1a: Marshadow|91\/100|[from] item: Life Orb\n|\n|upkeep\n|\n|t:|1666932545\n|switch|p2a: Marshadow|Marshadow|100\/100\n|-damage|p2a: Marshadow|94\/100|[from] Stealth Rock\n|turn|5\n|\n|t:|1666932548\n|move|p2a: Marshadow|Shadow Sneak|p1a: Marshadow\n|-supereffective|p1a: Marshadow\n|-damage|p1a: Marshadow|12\/100\n|move|p1a: Marshadow|Shadow Sneak|p2a: Marshadow\n|-supereffective|p2a: Marshadow\n|-damage|p2a: Marshadow|0 fnt\n|faint|p2a: Marshadow\n|-damage|p1a: Marshadow|2\/100|[from] item: Life Orb\n|\n|upkeep\n|\n|t:|1666932554\n|switch|p2a: Yveltal|Yveltal|100\/100\n|-damage|p2a: Yveltal|76\/100|[from] Stealth Rock\n|-ability|p2a: Yveltal|Dark Aura\n|turn|6\n|\n|t:|1666932563\n|-start|p2a: Yveltal|Dynamax|\n|-heal|p2a: Yveltal|76\/100|[silent]\n|move|p1a: Marshadow|Close Combat|p2a: Yveltal\n|-damage|p2a: Yveltal|43\/100\n|-unboost|p1a: Marshadow|def|1\n|-unboost|p1a: Marshadow|spd|1\n|-damage|p1a: Marshadow|0 fnt|[from] item: Life Orb\n|faint|p1a: Marshadow\n|move|p2a: Yveltal|Max Airstream|p1: Marshadow|[notarget]\n|-fail|p2a: Yveltal\n|\n|-heal|p2a: Yveltal|46\/100|[from] item: Leftovers\n|upkeep\n|\n|t:|1666932572\n|switch|p1a: Zacian|Zacian-Crowned|100\/100\n|-ability|p1a: Zacian|Intrepid Sword|boost\n|-boost|p1a: Zacian|atk|1\n|turn|7\n|\n|t:|1666932576\n|move|p1a: Zacian|Behemoth Blade|p2a: Yveltal\n|-damage|p2a: Yveltal|0 fnt\n|faint|p2a: Yveltal\n|\n|upkeep\n|\n|t:|1666932581\n|switch|p2a: Groudon|Groudon-Primal|100\/100\n|-damage|p2a: Groudon|88\/100|[from] Stealth Rock\n|-weather|DesolateLand|[from] ability: Desolate Land|[of] p2a: Groudon\n|turn|8\n|\n|t:|1666932586\n|move|p1a: Zacian|Substitute|p1a: Zacian\n|-start|p1a: Zacian|Substitute\n|-damage|p1a: Zacian|76\/100\n|move|p2a: Groudon|Swords Dance|p2a: Groudon\n|-boost|p2a: Groudon|atk|2\n|\n|-weather|DesolateLand|[upkeep]\n|upkeep\n|turn|9\n|c| TaxFraud094|when the lorb damage saves you\n|\n|t:|1666932588\n|move|p1a: Zacian|Close Combat|p2a: Groudon\n|-damage|p2a: Groudon|33\/100\n|-unboost|p1a: Zacian|def|1\n|-unboost|p1a: Zacian|spd|1\n|move|p2a: Groudon|Earthquake|p1a: Zacian\n|-supereffective|p1a: Zacian\n|-end|p1a: Zacian|Substitute\n|\n|-weather|DesolateLand|[upkeep]\n|upkeep\n|turn|10\n|\n|t:|1666932596\n|move|p1a: Zacian|Close Combat|p2a: Groudon\n|-damage|p2a: Groudon|0 fnt\n|-unboost|p1a: Zacian|def|1\n|-unboost|p1a: Zacian|spd|1\n|faint|p2a: Groudon\n|-weather|none\n|\n|upkeep\n|\n|t:|1666932599\n|switch|p2a: Zacian|Zacian-Crowned|100\/100\n|-damage|p2a: Zacian|94\/100|[from] Stealth Rock\n|-ability|p2a: Zacian|Intrepid Sword|boost\n|-boost|p2a: Zacian|atk|1\n|turn|11\n|c|\u2606yokobaby|gg\n|j|+Leafstorm121\u2764\n|\n|t:|1666932602\n|move|p1a: Zacian|Behemoth Blade|p2a: Zacian\n|-damage|p2a: Zacian|25\/100\n|move|p2a: Zacian|Behemoth Blade|p1a: Zacian\n|-damage|p1a: Zacian|0 fnt\n|faint|p1a: Zacian\n|\n|upkeep\n|c|\u2606AzaleaPatch|gg\n|\n|t:|1666932604\n|switch|p1a: Ditto|Ditto|100\/100\n|-transform|p1a: Ditto|p2a: Zacian|[from] ability: Imposter\n|-ability|p1a: Ditto|Intrepid Sword|boost\n|-boost|p1a: Ditto|atk|1\n|turn|12\n|\n|t:|1666932614\n|move|p1a: Ditto|Behemoth Blade|p2a: Zacian\n|-crit|p2a: Zacian\n|-damage|p2a: Zacian|0 fnt\n|faint|p2a: Zacian\n|\n|win|yokobaby\n|n|\u2606yokobaby|yokobaby\n|n|\u2606AzaleaPatch|azaleapatch\n|n| TaxFraud094|taxfraud094\n|n| LocalMetagross|localmetagross\n|n| Frozoid|frozoid\n|n| Vwood|vwood\n|n| Leafstorm121\u2764|leafstorm121\n","uploadtime":1666932616,"views":22,"p1id":"yokobaby","p2id":"azaleapatch","formatid":"gen8nationaldexag","rating":0,"private":0,"password":null}