{"id":"gen8ou-1207776230","p1":"Commando 55","p2":"Fat Bastard","format":"gen8ou","log":"|j|\u2606Commando 55\n|j|\u2606Fat Bastard\n|t:|1603442526\n|player|p1|Commando 55|iris-gen5bw2|1719\n|player|p2|Fat Bastard|nate-dueldisk|1761\n|teamsize|p1|6\n|teamsize|p2|6\n|gametype|singles\n|gen|8\n|tier|[Gen 8] OU\n|rated|\n|clearpoke\n|poke|p1|Regieleki|\n|poke|p1|Pelipper, M|\n|poke|p1|Blissey, F|\n|poke|p1|Kingdra, F|\n|poke|p1|Urshifu-*, M|\n|poke|p1|Ferrothorn, M|\n|poke|p2|Articuno-Galar|\n|poke|p2|Buzzwole|\n|poke|p2|Lanturn, M|\n|poke|p2|Magnezone|\n|poke|p2|Heatran, M|\n|poke|p2|Mandibuzz, F|\n|rule|Sleep Clause Mod: Limit one foe put to sleep\n|rule|Species Clause: Limit one of each Pok\u00e9mon\n|rule|OHKO Clause: OHKO moves are banned\n|rule|Evasion Moves Clause: Evasion moves are banned\n|rule|Endless Battle Clause: Forcing endless battles is banned\n|rule|HP Percentage Mod: HP is shown in percentages\n|rule|Dynamax Clause: You cannot dynamax\n|teampreview\n|inactive|Battle timer is ON: inactive players will automatically lose when time's up. (requested by Fat Bastard)\n|\n|t:|1603442537\n|start\n|switch|p1a: Pelipper|Pelipper, M|100\/100\n|switch|p2a: Articuno|Articuno-Galar|100\/100\n|-weather|RainDance|[from] ability: Drizzle|[of] p1a: Pelipper\n|turn|1\n|\n|t:|1603442542\n|switch|p1a: Blissey|Blissey, F|100\/100\n|move|p2a: Articuno|Hurricane|p1a: Blissey\n|-damage|p1a: Blissey|76\/100\n|\n|-weather|RainDance|[upkeep]\n|upkeep\n|turn|2\n|\n|t:|1603442547\n|switch|p2a: Heatran|Heatran, M|100\/100\n|move|p1a: Blissey|Teleport|p1a: Blissey\n|j| Hatter's Tea\n|\n|t:|1603442551\n|switch|p1a: Urshifu|Urshifu-Rapid-Strike, M|100\/100|[from]move: Teleport\n|\n|-weather|RainDance|[upkeep]\n|upkeep\n|turn|3\n|\n|t:|1603442554\n|move|p1a: Urshifu|Surging Strikes|p2a: Heatran\n|-supereffective|p2a: Heatran\n|-crit|p2a: Heatran\n|-damage|p2a: Heatran|29\/100\n|-supereffective|p2a: Heatran\n|-crit|p2a: Heatran\n|-damage|p2a: Heatran|0 fnt\n|-hitcount|p2a: Heatran|2\n|faint|p2a: Heatran\n|\n|-weather|RainDance|[upkeep]\n|upkeep\n|\n|t:|1603442557\n|switch|p2a: Lanturn|Lanturn, M|100\/100\n|turn|4\n|j| Ylenia besame\n|\n|t:|1603442563\n|switch|p1a: Blissey|Blissey, F|76\/100\n|move|p2a: Lanturn|Volt Switch|p1a: Blissey\n|-damage|p1a: Blissey|69\/100\n|j| Fae Meteor\n|\n|t:|1603442566\n|switch|p2a: Magnezone|Magnezone|100\/100|[from]move: Volt Switch\n|\n|-weather|RainDance|[upkeep]\n|upkeep\n|turn|5\n|\n|t:|1603442571\n|move|p2a: Magnezone|Body Press|p1a: Blissey\n|-supereffective|p1a: Blissey\n|-damage|p1a: Blissey|24\/100\n|move|p1a: Blissey|Teleport|p1a: Blissey\n|j|+Snaquaza \u25e2 \u25e4\n|\n|t:|1603442574\n|switch|p1a: Urshifu|Urshifu-Rapid-Strike, M|100\/100|[from]move: Teleport\n|\n|-weather|RainDance|[upkeep]\n|upkeep\n|turn|6\n|j| drivance\n|j| yiyue\n|\n|t:|1603442578\n|switch|p2a: Articuno|Articuno-Galar|100\/100\n|move|p1a: Urshifu|Surging Strikes|p2a: Articuno\n|-crit|p2a: Articuno\n|-damage|p2a: Articuno|43\/100\n|-crit|p2a: Articuno\n|-damage|p2a: Articuno|0 fnt\n|-hitcount|p2a: Articuno|2\n|faint|p2a: Articuno\n|\n|-weather|RainDance|[upkeep]\n|upkeep\n|\n|t:|1603442582\n|switch|p2a: Lanturn|Lanturn, M|100\/100\n|turn|7\n|\n|t:|1603442586\n|switch|p1a: Blissey|Blissey, F|24\/100\n|move|p2a: Lanturn|Volt Switch|p1a: Blissey\n|-damage|p1a: Blissey|17\/100\n|j| broc38\n|l|+Snaquaza \u25e2 \u25e4\n|j| Jey2\n|\n|t:|1603442591\n|switch|p2a: Magnezone|Magnezone|100\/100|[from]move: Volt Switch\n|\n|-weather|RainDance|[upkeep]\n|upkeep\n|turn|8\n|\n|t:|1603442596\n|move|p2a: Magnezone|Substitute|p2a: Magnezone\n|-start|p2a: Magnezone|Substitute\n|-damage|p2a: Magnezone|76\/100\n|move|p1a: Blissey|Soft-Boiled|p1a: Blissey\n|-heal|p1a: Blissey|67\/100\n|\n|-weather|none\n|-heal|p2a: Magnezone|82\/100|[from] item: Leftovers\n|upkeep\n|turn|9\n|\n|t:|1603442601\n|move|p2a: Magnezone|Iron Defense|p2a: Magnezone\n|-boost|p2a: Magnezone|def|2\n|move|p1a: Blissey|Teleport|p1a: Blissey\n|\n|t:|1603442603\n|switch|p1a: Regieleki|Regieleki|100\/100|[from]move: Teleport\n|\n|-heal|p2a: Magnezone|88\/100|[from] item: Leftovers\n|upkeep\n|turn|10\n|\n|t:|1603442605\n|move|p1a: Regieleki|Volt Switch|p2a: Magnezone\n|-resisted|p2a: Magnezone\n|-end|p2a: Magnezone|Substitute\n|\n|t:|1603442607\n|switch|p1a: Pelipper|Pelipper, M|100\/100|[from]move: Volt Switch\n|-weather|RainDance|[from] ability: Drizzle|[of] p1a: Pelipper\n|move|p2a: Magnezone|Body Press|p1a: Pelipper\n|-resisted|p1a: Pelipper\n|-damage|p1a: Pelipper|78\/100\n|\n|-weather|RainDance|[upkeep]\n|-heal|p2a: Magnezone|94\/100|[from] item: Leftovers\n|upkeep\n|turn|11\n|j| highgxedoritos\n|\n|t:|1603442617\n|move|p2a: Magnezone|Substitute|p2a: Magnezone\n|-start|p2a: Magnezone|Substitute\n|-damage|p2a: Magnezone|69\/100\n|move|p1a: Pelipper|U-turn|p2a: Magnezone\n|-resisted|p2a: Magnezone\n|-activate|p2a: Magnezone|move: Substitute|[damage]\n|j| Citrix Orange\n|l| Jey2\n|\n|t:|1603442624\n|switch|p1a: Kingdra|Kingdra, F|100\/100|[from]move: U-turn\n|\n|-weather|RainDance|[upkeep]\n|-heal|p2a: Magnezone|76\/100|[from] item: Leftovers\n|upkeep\n|turn|12\n|\n|t:|1603442626\n|move|p1a: Kingdra|Surf|p2a: Magnezone\n|-end|p2a: Magnezone|Substitute\n|move|p2a: Magnezone|Body Press|p1a: Kingdra\n|-damage|p1a: Kingdra|31\/100\n|\n|-weather|RainDance|[upkeep]\n|-heal|p2a: Magnezone|82\/100|[from] item: Leftovers\n|upkeep\n|turn|13\n|j| PRO - THE IX\n|\n|t:|1603442628\n|switch|p2a: Lanturn|Lanturn, M|100\/100\n|move|p1a: Kingdra|Surf|p2a: Lanturn\n|-resisted|p2a: Lanturn\n|-damage|p2a: Lanturn|72\/100\n|\n|-weather|RainDance|[upkeep]\n|upkeep\n|turn|14\n|j| Claethit\n|j| Brandon2321\n|\n|t:|1603442635\n|switch|p1a: Blissey|Blissey, F|67\/100\n|move|p2a: Lanturn|Volt Switch|p1a: Blissey\n|-damage|p1a: Blissey|59\/100\n|\n|t:|1603442639\n|switch|p2a: Buzzwole|Buzzwole|100\/100|[from]move: Volt Switch\n|\n|-weather|RainDance|[upkeep]\n|upkeep\n|turn|15\n|\n|t:|1603442642\n|switch|p2a: Lanturn|Lanturn, M|72\/100\n|move|p1a: Blissey|Teleport|p1a: Blissey\n|\n|t:|1603442647\n|switch|p1a: Urshifu|Urshifu-Rapid-Strike, M|100\/100|[from]move: Teleport\n|\n|-weather|RainDance|[upkeep]\n|upkeep\n|turn|16\n|\n|t:|1603442652\n|switch|p2a: Buzzwole|Buzzwole|100\/100\n|move|p1a: Urshifu|Close Combat|p2a: Buzzwole\n|-resisted|p2a: Buzzwole\n|-damage|p2a: Buzzwole|69\/100\n|-unboost|p1a: Urshifu|def|1\n|-unboost|p1a: Urshifu|spd|1\n|\n|-weather|RainDance|[upkeep]\n|upkeep\n|turn|17\n|j| itsdilli\n|l| Ylenia besame\n|c| PRO - THE IX|lanturn interesting\n|\n|t:|1603442659\n|switch|p1a: Pelipper|Pelipper, M|78\/100\n|move|p2a: Buzzwole|Superpower|p1a: Pelipper\n|-resisted|p1a: Pelipper\n|-damage|p1a: Pelipper|52\/100\n|-unboost|p2a: Buzzwole|atk|1\n|-unboost|p2a: Buzzwole|def|1\n|\n|-weather|none\n|upkeep\n|turn|18\n|j|+Cheir\n|\n|t:|1603442663\n|switch|p2a: Lanturn|Lanturn, M|72\/100\n|move|p1a: Pelipper|Roost|p1a: Pelipper\n|-heal|p1a: Pelipper|100\/100\n|-singleturn|p1a: Pelipper|move: Roost\n|\n|upkeep\n|turn|19\n|j| Jey2\n|\n|t:|1603442667\n|switch|p1a: Ferrothorn|Ferrothorn, M|100\/100\n|move|p2a: Lanturn|Volt Switch|p1a: Ferrothorn\n|-resisted|p1a: Ferrothorn\n|-damage|p1a: Ferrothorn|92\/100\n|\n|t:|1603442669\n|switch|p2a: Magnezone|Magnezone|82\/100|[from]move: Volt Switch\n|\n|-heal|p2a: Magnezone|88\/100|[from] item: Leftovers\n|upkeep\n|turn|20\n|\n|t:|1603442674\n|move|p2a: Magnezone|Substitute|p2a: Magnezone\n|-start|p2a: Magnezone|Substitute\n|-damage|p2a: Magnezone|63\/100\n|move|p1a: Ferrothorn|Body Press|p2a: Magnezone\n|-supereffective|p2a: Magnezone\n|-end|p2a: Magnezone|Substitute\n|\n|-heal|p2a: Magnezone|69\/100|[from] item: Leftovers\n|upkeep\n|turn|21\n|j| a little fool\n|\n|t:|1603442678\n|move|p2a: Magnezone|Iron Defense|p2a: Magnezone\n|-boost|p2a: Magnezone|def|2\n|move|p1a: Ferrothorn|Knock Off|p2a: Magnezone\n|-damage|p2a: Magnezone|61\/100\n|-enditem|p2a: Magnezone|Leftovers|[from] move: Knock Off|[of] p1a: Ferrothorn\n|\n|upkeep\n|turn|22\n|j| LowGxeDoritos\n|\n|t:|1603442682\n|move|p2a: Magnezone|Substitute|p2a: Magnezone\n|-start|p2a: Magnezone|Substitute\n|-damage|p2a: Magnezone|37\/100\n|move|p1a: Ferrothorn|Stealth Rock|p2a: Magnezone\n|-sidestart|p2: Fat Bastard|move: Stealth Rock\n|\n|upkeep\n|turn|23\n|j| OUTY 3iz\n|\n|t:|1603442684\n|move|p2a: Magnezone|Iron Defense|p2a: Magnezone\n|-boost|p2a: Magnezone|def|2\n|move|p1a: Ferrothorn|Spikes|p2a: Magnezone\n|-sidestart|p2: Fat Bastard|Spikes\n|\n|upkeep\n|turn|24\n|\n|t:|1603442686\n|move|p2a: Magnezone|Body Press|p1a: Ferrothorn\n|-supereffective|p1a: Ferrothorn\n|-damage|p1a: Ferrothorn|2\/100\n|-damage|p2a: Magnezone|24\/100|[from] ability: Iron Barbs|[of] p1a: Ferrothorn\n|-damage|p2a: Magnezone|8\/100|[from] item: Rocky Helmet|[of] p1a: Ferrothorn\n|move|p1a: Ferrothorn|Spikes|p2a: Magnezone\n|-sidestart|p2: Fat Bastard|Spikes\n|\n|upkeep\n|turn|25\n|\n|t:|1603442688\n|move|p2a: Magnezone|Flash Cannon|p1a: Ferrothorn\n|-resisted|p1a: Ferrothorn\n|-damage|p1a: Ferrothorn|0 fnt\n|faint|p1a: Ferrothorn\n|\n|upkeep\n|\n|t:|1603442691\n|switch|p1a: Urshifu|Urshifu-Rapid-Strike, M|100\/100\n|turn|26\n|j| bITe\u2666EN\u2666FEu\u706b\n|\n|t:|1603442694\n|move|p1a: Urshifu|Surging Strikes|p2a: Magnezone\n|-crit|p2a: Magnezone\n|-activate|p2a: Magnezone|move: Substitute|[damage]\n|-crit|p2a: Magnezone\n|-end|p2a: Magnezone|Substitute\n|-crit|p2a: Magnezone\n|-damage|p2a: Magnezone|0 fnt\n|-hitcount|p2a: Magnezone|3\n|faint|p2a: Magnezone\n|\n|upkeep\n|\n|t:|1603442695\n|switch|p2a: Mandibuzz|Mandibuzz, F|100\/100\n|turn|27\n|j| yuopier\n|\n|t:|1603442703\n|switch|p1a: Pelipper|Pelipper, M|100\/100\n|-weather|RainDance|[from] ability: Drizzle|[of] p1a: Pelipper\n|move|p2a: Mandibuzz|Defog|p1a: Pelipper\n|-unboost|p1a: Pelipper|evasion|1\n|-sideend|p2: Fat Bastard|Spikes|[from] move: Defog|[of] p2a: Mandibuzz\n|-sideend|p2: Fat Bastard|Stealth Rock|[from] move: Defog|[of] p2a: Mandibuzz\n|\n|-weather|RainDance|[upkeep]\n|upkeep\n|turn|28\n|\n|t:|1603442705\n|move|p2a: Mandibuzz|Toxic|p1a: Pelipper\n|-status|p1a: Pelipper|tox\n|move|p1a: Pelipper|U-turn|p2a: Mandibuzz\n|-damage|p2a: Mandibuzz|95\/100\n|\n|t:|1603442709\n|switch|p1a: Urshifu|Urshifu-Rapid-Strike, M|100\/100|[from]move: U-turn\n|\n|-weather|RainDance|[upkeep]\n|upkeep\n|turn|29\n|j| OU Warrior69\n|l| Claethit\n|\n|t:|1603442712\n|move|p1a: Urshifu|Surging Strikes|p2a: Mandibuzz\n|-crit|p2a: Mandibuzz\n|-damage|p2a: Mandibuzz|68\/100\n|-crit|p2a: Mandibuzz\n|-damage|p2a: Mandibuzz|42\/100\n|-crit|p2a: Mandibuzz\n|-damage|p2a: Mandibuzz|15\/100\n|-hitcount|p2a: Mandibuzz|3\n|move|p2a: Mandibuzz|Toxic|p1a: Urshifu\n|-status|p1a: Urshifu|tox\n|\n|-weather|RainDance|[upkeep]\n|-damage|p1a: Urshifu|94\/100 tox|[from] psn\n|upkeep\n|turn|30\n|j| AxTyZ2\n|\n|t:|1603442715\n|move|p1a: Urshifu|Surging Strikes|p2a: Mandibuzz\n|-crit|p2a: Mandibuzz\n|-damage|p2a: Mandibuzz|0 fnt\n|-hitcount|p2a: Mandibuzz|1\n|faint|p2a: Mandibuzz\n|\n|-weather|RainDance|[upkeep]\n|-damage|p1a: Urshifu|82\/100 tox|[from] psn\n|upkeep\n|\n|t:|1603442716\n|switch|p2a: Buzzwole|Buzzwole|69\/100\n|turn|31\n|\n|t:|1603442721\n|move|p2a: Buzzwole|Superpower|p1a: Urshifu\n|-damage|p1a: Urshifu|15\/100 tox\n|-unboost|p2a: Buzzwole|atk|1\n|-unboost|p2a: Buzzwole|def|1\n|move|p1a: Urshifu|Surging Strikes|p2a: Buzzwole\n|-crit|p2a: Buzzwole\n|-damage|p2a: Buzzwole|24\/100\n|-crit|p2a: Buzzwole\n|-damage|p2a: Buzzwole|0 fnt\n|-hitcount|p2a: Buzzwole|2\n|faint|p2a: Buzzwole\n|\n|-weather|RainDance|[upkeep]\n|-damage|p1a: Urshifu|0 fnt|[from] psn\n|faint|p1a: Urshifu\n|upkeep\n|l| a little fool\n|-message|Fat Bastard forfeited.\n|\n|win|Commando 55\n|c| yuopier|isn't close combat legal on buzzwole\n|l|\u2606Fat Bastard\n|l| bITe\u2666EN\u2666FEu\u706b\n|raw|Commando 55's rating: 1719 &rarr; <strong>1742<\/strong><br \/>(+23 for winning)\n|raw|Fat Bastard's rating: 1761 &rarr; <strong>1739<\/strong><br \/>(-22 for losing)\n|l| PRO - THE IX\n|l| Brandon2321\n|l|\u2606Commando 55\n|l| LowGxeDoritos\n|l| AxTyZ2\n|l| OUTY 3iz\n|l| yuopier\n|l| yiyue\n|l| itsdilli\n|l| Citrix Orange\n","uploadtime":1603442775,"views":89,"p1id":"commando55","p2id":"fatbastard","formatid":"gen8ou","rating":1739,"private":0,"password":null}