{"id":"gen8ou-1474126990","p1":"Holiss77","p2":"NeoNaruto\u00ae++","format":"gen8ou","log":"|j|\u2606Holiss77\n|j|\u2606NeoNaruto\u00ae++\n|t:|1639613559\n|gametype|singles\n|player|p1|Holiss77|gentleman-gen4|1659\n|player|p2|NeoNaruto\u00ae++|medium|1725\n|teamsize|p1|6\n|teamsize|p2|6\n|gen|8\n|tier|[Gen 8] OU\n|rated|\n|rule|Sleep Clause Mod: Limit one foe put to sleep\n|rule|Species Clause: Limit one of each Pok\u00e9mon\n|rule|OHKO Clause: OHKO moves are banned\n|rule|Evasion Moves Clause: Evasion moves are banned\n|rule|Endless Battle Clause: Forcing endless battles is banned\n|rule|HP Percentage Mod: HP is shown in percentages\n|rule|Dynamax Clause: You cannot dynamax\n|clearpoke\n|poke|p1|Kartana|\n|poke|p1|Heatran, M|\n|poke|p1|Rillaboom, M|\n|poke|p1|Magnezone|\n|poke|p1|Landorus-Therian, M|\n|poke|p1|Garchomp, F|\n|poke|p2|Landorus-Therian, M|\n|poke|p2|Slowbro, M|\n|poke|p2|Tapu Koko|\n|poke|p2|Dragonite, M|\n|poke|p2|Darmanitan, M|\n|poke|p2|Tyranitar, F|\n|teampreview\n|inactive|Battle timer is ON: inactive players will automatically lose when time's up. (requested by NeoNaruto\u00ae++)\n|inactive|Holiss77 also wants the timer to be on.\n|\n|t:|1639613573\n|start\n|switch|p1a: Russel|Rillaboom, M|100\/100\n|switch|p2a: Bernie Landers|Landorus-Therian, M|100\/100\n|-fieldstart|move: Grassy Terrain|[from] ability: Grassy Surge|[of] p1a: Russel\n|-ability|p2a: Bernie Landers|Intimidate|boost\n|-unboost|p1a: Russel|atk|1\n|turn|1\n|\n|t:|1639613577\n|switch|p1a: Garchomp|Garchomp, F|100\/100\n|move|p2a: Bernie Landers|Stealth Rock|p1a: Garchomp\n|-sidestart|p1: Holiss77|move: Stealth Rock\n|\n|upkeep\n|turn|2\n|\n|t:|1639613583\n|move|p1a: Garchomp|Swords Dance|p1a: Garchomp\n|-boost|p1a: Garchomp|atk|2\n|move|p2a: Bernie Landers|Knock Off|p1a: Garchomp\n|-damage|p1a: Garchomp|68\/100\n|-damage|p2a: Bernie Landers|88\/100|[from] ability: Rough Skin|[of] p1a: Garchomp\n|-damage|p2a: Bernie Landers|72\/100|[from] item: Rocky Helmet|[of] p1a: Garchomp\n|-enditem|p1a: Garchomp|Rocky Helmet|[from] move: Knock Off|[of] p2a: Bernie Landers\n|\n|-heal|p1a: Garchomp|74\/100|[from] Grassy Terrain\n|upkeep\n|turn|3\n|\n|t:|1639613595\n|switch|p2a: Tapu Koko|Tapu Koko|100\/100\n|-fieldstart|move: Electric Terrain|[from] ability: Electric Surge|[of] p2a: Tapu Koko\n|move|p1a: Garchomp|Scale Shot|p2a: Tapu Koko\n|-immune|p2a: Tapu Koko\n|\n|upkeep\n|turn|4\n|\n|t:|1639613599\n|switch|p1a: Magnezone|Magnezone, shiny|100\/100\n|-damage|p1a: Magnezone|94\/100|[from] Stealth Rock\n|move|p2a: Tapu Koko|Dazzling Gleam|p1a: Magnezone\n|-resisted|p1a: Magnezone\n|-damage|p1a: Magnezone|58\/100\n|\n|upkeep\n|turn|5\n|\n|t:|1639613605\n|switch|p2a: VODECi|Tyranitar, F|100\/100\n|-weather|Sandstorm|[from] ability: Sand Stream|[of] p2a: VODECi\n|move|p1a: Magnezone|Flash Cannon|p2a: VODECi\n|-supereffective|p2a: VODECi\n|-damage|p2a: VODECi|57\/100\n|\n|-weather|Sandstorm|[upkeep]\n|upkeep\n|turn|6\n|\n|t:|1639613611\n|switch|p1a: Landorus|Landorus-Therian, M|100\/100\n|-damage|p1a: Landorus|88\/100|[from] Stealth Rock\n|-ability|p1a: Landorus|Intimidate|boost\n|-unboost|p2a: VODECi|atk|1\n|move|p2a: VODECi|Fire Blast|p1a: Landorus\n|-damage|p1a: Landorus|52\/100\n|\n|-weather|Sandstorm|[upkeep]\n|upkeep\n|turn|7\n|\n|t:|1639613616\n|switch|p2a: spvceghvstpvrrp|Slowbro, M, shiny|100\/100\n|move|p1a: Landorus|Stealth Rock|p2a: spvceghvstpvrrp\n|-sidestart|p2: NeoNaruto\u00ae++|move: Stealth Rock\n|\n|-weather|Sandstorm|[upkeep]\n|-damage|p2a: spvceghvstpvrrp|94\/100|[from] Sandstorm\n|-fieldend|move: Electric Terrain\n|upkeep\n|turn|8\n|\n|t:|1639613623\n|move|p1a: Landorus|U-turn|p2a: spvceghvstpvrrp\n|-supereffective|p2a: spvceghvstpvrrp\n|-damage|p2a: spvceghvstpvrrp|61\/100\n|-damage|p1a: Landorus|36\/100|[from] item: Rocky Helmet|[of] p2a: spvceghvstpvrrp\n|\n|t:|1639613638\n|switch|p1a: Magnezone|Magnezone, shiny|58\/100|[from]move: U-turn\n|-damage|p1a: Magnezone|52\/100|[from] Stealth Rock\n|move|p2a: spvceghvstpvrrp|Scald|p1a: Magnezone\n|-damage|p1a: Magnezone|15\/100\n|-status|p1a: Magnezone|brn\n|\n|-weather|Sandstorm|[upkeep]\n|-damage|p2a: spvceghvstpvrrp|55\/100|[from] Sandstorm\n|-damage|p1a: Magnezone|9\/100 brn|[from] brn\n|upkeep\n|turn|9\n|inactive|Holiss77 has 120 seconds left.\n|\n|t:|1639613670\n|switch|p2a: VODECi|Tyranitar, F|57\/100\n|-damage|p2a: VODECi|45\/100|[from] Stealth Rock\n|move|p1a: Magnezone|Flash Cannon|p2a: VODECi\n|-supereffective|p2a: VODECi\n|-damage|p2a: VODECi|2\/100\n|\n|-weather|none\n|-damage|p1a: Magnezone|3\/100 brn|[from] brn\n|upkeep\n|turn|10\n|\n|t:|1639613687\n|move|p1a: Magnezone|Flash Cannon|p2a: VODECi\n|-supereffective|p2a: VODECi\n|-damage|p2a: VODECi|0 fnt\n|faint|p2a: VODECi\n|\n|-damage|p1a: Magnezone|0 fnt|[from] brn\n|faint|p1a: Magnezone\n|upkeep\n|inactive|Holiss77 has 120 seconds left.\n|\n|t:|1639613714\n|switch|p1a: Landorus|Landorus-Therian, M|36\/100\n|switch|p2a: Tapu Koko|Tapu Koko|100\/100\n|-damage|p2a: Tapu Koko|88\/100|[from] Stealth Rock\n|-fieldstart|move: Electric Terrain|[from] ability: Electric Surge|[of] p2a: Tapu Koko\n|-damage|p1a: Landorus|23\/100|[from] Stealth Rock\n|-ability|p1a: Landorus|Intimidate|boost\n|-unboost|p2a: Tapu Koko|atk|1\n|turn|11\n|inactive|Holiss77 has 120 seconds left.\n|\n|t:|1639613729\n|switch|p1a: Russel|Rillaboom, M|100\/100\n|-damage|p1a: Russel|88\/100|[from] Stealth Rock\n|-fieldstart|move: Grassy Terrain|[from] ability: Grassy Surge|[of] p1a: Russel\n|move|p2a: Tapu Koko|Dazzling Gleam|p1a: Russel\n|-damage|p1a: Russel|14\/100\n|\n|-heal|p2a: Tapu Koko|94\/100|[from] Grassy Terrain\n|-heal|p1a: Russel|20\/100|[from] Grassy Terrain\n|upkeep\n|turn|12\n|\n|t:|1639613735\n|switch|p2a: spvceghvstpvrrp|Slowbro, M, shiny|88\/100\n|-damage|p2a: spvceghvstpvrrp|76\/100|[from] Stealth Rock\n|move|p1a: Russel|Grassy Glide|p2a: spvceghvstpvrrp\n|-supereffective|p2a: spvceghvstpvrrp\n|-damage|p2a: spvceghvstpvrrp|19\/100\n|-damage|p1a: Russel|4\/100|[from] item: Rocky Helmet|[of] p2a: spvceghvstpvrrp\n|\n|-heal|p1a: Russel|10\/100|[from] Grassy Terrain\n|-heal|p2a: spvceghvstpvrrp|25\/100|[from] Grassy Terrain\n|upkeep\n|turn|13\n|inactive|Holiss77 has 120 seconds left.\n|\n|t:|1639613774\n|move|p1a: Russel|Knock Off|p2a: spvceghvstpvrrp\n|-supereffective|p2a: spvceghvstpvrrp\n|-damage|p2a: spvceghvstpvrrp|0 fnt\n|-damage|p1a: Russel|0 fnt|[from] item: Rocky Helmet|[of] p2a: spvceghvstpvrrp\n|faint|p2a: spvceghvstpvrrp\n|faint|p1a: Russel\n|\n|upkeep\n|\n|t:|1639613791\n|switch|p1a: Garchomp|Garchomp, F|74\/100\n|switch|p2a: PURRP FOR SALE|Darmanitan, M|100\/100\n|-damage|p1a: Garchomp|68\/100|[from] Stealth Rock\n|-damage|p2a: PURRP FOR SALE|76\/100|[from] Stealth Rock\n|turn|14\n|\n|t:|1639613810\n|move|p1a: Garchomp|Swords Dance|p1a: Garchomp\n|-boost|p1a: Garchomp|atk|2\n|move|p2a: PURRP FOR SALE|Flare Blitz|p1a: Garchomp\n|-resisted|p1a: Garchomp\n|-damage|p1a: Garchomp|2\/100\n|-damage|p2a: PURRP FOR SALE|63\/100|[from] ability: Rough Skin|[of] p1a: Garchomp\n|-damage|p2a: PURRP FOR SALE|41\/100|[from] Recoil\n|\n|-heal|p1a: Garchomp|8\/100|[from] Grassy Terrain\n|-heal|p2a: PURRP FOR SALE|47\/100|[from] Grassy Terrain\n|upkeep\n|turn|15\n|inactive|Holiss77 has 90 seconds left.\n|\n|t:|1639613826\n|switch|p2a: Tapu Koko|Tapu Koko|94\/100\n|-damage|p2a: Tapu Koko|82\/100|[from] Stealth Rock\n|-fieldstart|move: Electric Terrain|[from] ability: Electric Surge|[of] p2a: Tapu Koko\n|move|p1a: Garchomp|Stomping Tantrum|p2a: Tapu Koko\n|-supereffective|p2a: Tapu Koko\n|-damage|p2a: Tapu Koko|0 fnt\n|faint|p2a: Tapu Koko\n|\n|upkeep\n|\n|t:|1639613834\n|switch|p2a: Fat Charizard|Dragonite, M, shiny|100\/100\n|turn|16\n|inactive|Holiss77 has 90 seconds left.\n|\n|t:|1639613856\n|move|p2a: Fat Charizard|Extreme Speed|p1a: Garchomp\n|-damage|p1a: Garchomp|0 fnt\n|-damage|p2a: Fat Charizard|88\/100|[from] ability: Rough Skin|[of] p1a: Garchomp\n|faint|p1a: Garchomp\n|\n|upkeep\n|\n|t:|1639613859\n|switch|p1a: Landorus|Landorus-Therian, M|23\/100\n|-damage|p1a: Landorus|11\/100|[from] Stealth Rock\n|-ability|p1a: Landorus|Intimidate|boost\n|-unboost|p2a: Fat Charizard|atk|1\n|turn|17\n|\n|t:|1639613878\n|move|p2a: Fat Charizard|Extreme Speed|p1a: Landorus\n|-damage|p1a: Landorus|0 fnt\n|-damage|p2a: Fat Charizard|72\/100|[from] item: Rocky Helmet|[of] p1a: Landorus\n|faint|p1a: Landorus\n|\n|upkeep\n|\n|t:|1639613891\n|switch|p1a: Carl|Heatran, M|100\/100\n|-damage|p1a: Carl|88\/100|[from] Stealth Rock\n|-item|p1a: Carl|Air Balloon\n|turn|18\n|\n|t:|1639613903\n|move|p2a: Fat Charizard|Dual Wingbeat|p1a: Carl\n|-resisted|p1a: Carl\n|-damage|p1a: Carl|82\/100\n|-enditem|p1a: Carl|Air Balloon\n|-resisted|p1a: Carl\n|-damage|p1a: Carl|75\/100\n|-hitcount|p1a: Carl|2\n|move|p1a: Carl|Magma Storm|p2a: Fat Charizard\n|-resisted|p2a: Fat Charizard\n|-damage|p2a: Fat Charizard|48\/100\n|-activate|p2a: Fat Charizard|move: Magma Storm|[of] p1a: Carl\n|\n|-damage|p2a: Fat Charizard|35\/100|[from] move: Magma Storm|[partiallytrapped]\n|upkeep\n|turn|19\n|\n|t:|1639613917\n|move|p2a: Fat Charizard|Earthquake|p1a: Carl\n|-supereffective|p1a: Carl\n|-damage|p1a: Carl|0 fnt\n|faint|p1a: Carl\n|\n|-end|p2a: Fat Charizard|Magma Storm|[partiallytrapped]|[silent]\n|-fieldend|move: Electric Terrain\n|upkeep\n|\n|t:|1639613921\n|switch|p1a: Enma|Kartana, shiny|100\/100\n|-damage|p1a: Enma|94\/100|[from] Stealth Rock\n|turn|20\n|\n|t:|1639613926\n|move|p2a: Fat Charizard|Extreme Speed|p1a: Enma\n|-resisted|p1a: Enma\n|-damage|p1a: Enma|84\/100\n|move|p1a: Enma|Knock Off|p2a: Fat Charizard\n|-damage|p2a: Fat Charizard|0 fnt\n|-enditem|p2a: Fat Charizard|Heavy-Duty Boots|[from] move: Knock Off|[of] p1a: Enma\n|faint|p2a: Fat Charizard\n|-ability|p1a: Enma|Beast Boost|boost\n|-boost|p1a: Enma|atk|1\n|\n|upkeep\n|\n|t:|1639613930\n|switch|p2a: Bernie Landers|Landorus-Therian, M|72\/100\n|-damage|p2a: Bernie Landers|59\/100|[from] Stealth Rock\n|-ability|p2a: Bernie Landers|Intimidate|boost\n|-unboost|p1a: Enma|atk|1\n|turn|21\n|\n|t:|1639613939\n|move|p1a: Enma|Knock Off|p2a: Bernie Landers\n|-crit|p2a: Bernie Landers\n|-damage|p2a: Bernie Landers|12\/100\n|-damage|p1a: Enma|67\/100|[from] item: Rocky Helmet|[of] p2a: Bernie Landers\n|-enditem|p2a: Bernie Landers|Rocky Helmet|[from] move: Knock Off|[of] p1a: Enma\n|move|p2a: Bernie Landers|Earthquake|p1a: Enma\n|-damage|p1a: Enma|21\/100\n|\n|upkeep\n|turn|22\n|\n|t:|1639613947\n|move|p1a: Enma|Knock Off|p2a: Bernie Landers\n|-damage|p2a: Bernie Landers|0 fnt\n|faint|p2a: Bernie Landers\n|-ability|p1a: Enma|Beast Boost|boost\n|-boost|p1a: Enma|atk|1\n|\n|upkeep\n|-message|NeoNaruto\u00ae++ forfeited.\n|\n|win|Holiss77\n|raw|Holiss77's rating: 1659 &rarr; <strong>1683<\/strong><br \/>(+24 for winning)\n|raw|NeoNaruto\u00ae++'s rating: 1725 &rarr; <strong>1701<\/strong><br \/>(-24 for losing)\n|l|\u2606NeoNaruto\u00ae++\n||Ladder isn't responding, score probably updated but might not have (Request timeout).\n","uploadtime":1639613956,"views":29,"p1id":"holiss77","p2id":"neonaruto","formatid":"gen8ou","rating":1683,"private":0,"password":null}