{"id":"gen8ou-1594085024","p1":"Kevinskie","p2":"Sombra Diurna","format":"gen8ou","log":"|j|\u2606Kevinskie\n|j|\u2606Sombra Diurna\n|t:|1654961885\n|gametype|singles\n|player|p1|Kevinskie|2|1535\n|player|p2|Sombra Diurna|blue|1579\n|teamsize|p1|6\n|teamsize|p2|6\n|gen|8\n|tier|[Gen 8] OU\n|rated|\n|rule|Sleep Clause Mod: Limit one foe put to sleep\n|rule|Species Clause: Limit one of each Pok\u00e9mon\n|rule|OHKO Clause: OHKO moves are banned\n|rule|Evasion Moves Clause: Evasion moves are banned\n|rule|Endless Battle Clause: Forcing endless battles is banned\n|rule|HP Percentage Mod: HP is shown in percentages\n|rule|Dynamax Clause: You cannot dynamax\n|clearpoke\n|poke|p1|Slowbro, M|\n|poke|p1|Weavile, F|\n|poke|p1|Melmetal|\n|poke|p1|Kartana|\n|poke|p1|Blacephalon|\n|poke|p1|Landorus-Therian, M|\n|poke|p2|Slowbro, M|\n|poke|p2|Hatterene, F|\n|poke|p2|Marowak-Alola, M|\n|poke|p2|Ferrothorn, M|\n|poke|p2|Garchomp, F|\n|poke|p2|Drampa, M|\n|teampreview\n|\n|t:|1654961904\n|start\n|switch|p1a: Weavile|Weavile, F|100\/100\n|switch|p2a: Sonso|Slowbro, M|100\/100\n|-ability|p1a: Weavile|Pressure\n|turn|1\n|\n|t:|1654961918\n|move|p1a: Weavile|Beat Up|p2a: Sonso\n|-supereffective|p2a: Sonso\n|-enditem|p2a: Sonso|Colbur Berry|[eat]\n|-enditem|p2a: Sonso|Colbur Berry|[weaken]\n|-damage|p2a: Sonso|93\/100\n|-supereffective|p2a: Sonso\n|-damage|p2a: Sonso|79\/100\n|-supereffective|p2a: Sonso\n|-damage|p2a: Sonso|59\/100\n|-supereffective|p2a: Sonso\n|-damage|p2a: Sonso|36\/100\n|-supereffective|p2a: Sonso\n|-damage|p2a: Sonso|20\/100\n|-supereffective|p2a: Sonso\n|-damage|p2a: Sonso|0 fnt\n|faint|p2a: Sonso\n|-hitcount|p2: Sonso|6\n|\n|upkeep\n|\n|t:|1654961931\n|switch|p2a: Thorns|Ferrothorn, M|100\/100\n|turn|2\n|\n|t:|1654961936\n|move|p1a: Weavile|Beat Up|p2a: Thorns\n|-damage|p2a: Thorns|89\/100\n|-damage|p2a: Thorns|82\/100\n|-damage|p2a: Thorns|70\/100\n|-damage|p2a: Thorns|55\/100\n|-damage|p2a: Thorns|45\/100\n|-damage|p2a: Thorns|32\/100\n|-hitcount|p2a: Thorns|6\n|move|p2a: Thorns|Stealth Rock|p1a: Weavile\n|-sidestart|p1: Kevinskie|move: Stealth Rock\n|\n|-heal|p2a: Thorns|39\/100|[from] item: Leftovers\n|upkeep\n|turn|3\n|\n|t:|1654961954\n|move|p1a: Weavile|Beat Up|p2a: Thorns\n|-damage|p2a: Thorns|27\/100\n|-damage|p2a: Thorns|20\/100\n|-damage|p2a: Thorns|9\/100\n|-damage|p2a: Thorns|0 fnt\n|faint|p2a: Thorns\n|-hitcount|p2: Thorns|4\n|\n|upkeep\n|\n|t:|1654961961\n|switch|p2a: Sharpo|Garchomp, F|100\/100\n|turn|4\n|\n|t:|1654961964\n|move|p1a: Weavile|Beat Up|p2a: Sharpo\n|-damage|p2a: Sharpo|88\/100\n|-damage|p2a: Sharpo|77\/100\n|-damage|p2a: Sharpo|61\/100\n|-damage|p2a: Sharpo|41\/100\n|-damage|p2a: Sharpo|27\/100\n|-damage|p2a: Sharpo|12\/100\n|-hitcount|p2a: Sharpo|6\n|move|p2a: Sharpo|Earthquake|p1a: Weavile\n|-damage|p1a: Weavile|10\/100\n|\n|-heal|p2a: Sharpo|18\/100|[from] item: Leftovers\n|upkeep\n|turn|5\n|-message|Sombra Diurna forfeited.\n|\n|win|Kevinskie\n|raw|Kevinskie's rating: 1535 &rarr; <strong>1558<\/strong><br \/>(+23 for winning)\n|raw|Sombra Diurna's rating: 1579 &rarr; <strong>1556<\/strong><br \/>(-23 for losing)\n|l|\u2606Sombra Diurna\n||Ladder isn't responding, score probably updated but might not have (Request timeout).\n","uploadtime":1654961977,"views":24,"p1id":"kevinskie","p2id":"sombradiurna","formatid":"gen8ou","rating":1556,"private":0,"password":null}