{"id":"gen8ou-1647291193","p1":"bizarman","p2":"minimax_ai","format":"gen8ou","log":"|j|\u2606bizarman\n|j|\u2606minimax_ai\n|t:|1661365269\n|gametype|singles\n|player|p1|bizarman|scientist-gen4|1687\n|player|p2|minimax_ai|lusamine-nihilego|1651\n|teamsize|p1|6\n|teamsize|p2|6\n|gen|8\n|tier|[Gen 8] OU\n|rated|\n|rule|Sleep Clause Mod: Limit one foe put to sleep\n|rule|Species Clause: Limit one of each Pok\u00e9mon\n|rule|OHKO Clause: OHKO moves are banned\n|rule|Evasion Items Clause: Evasion items are banned\n|rule|Evasion Moves Clause: Evasion moves are banned\n|rule|Endless Battle Clause: Forcing endless battles is banned\n|rule|HP Percentage Mod: HP is shown in percentages\n|rule|Dynamax Clause: You cannot dynamax\n|clearpoke\n|poke|p1|Tyranitar, M|\n|poke|p1|Kartana|\n|poke|p1|Corviknight, F|\n|poke|p1|Clefable, M|\n|poke|p1|Landorus-Therian, M|\n|poke|p1|Rotom-Wash|\n|poke|p2|Rotom-Wash|\n|poke|p2|Weavile, M|\n|poke|p2|Landorus-Therian, M|\n|poke|p2|Heatran, M|\n|poke|p2|Tangrowth, F|\n|poke|p2|Melmetal|\n|teampreview\n|c|\u2606minimax_ai|hf\n|inactive|Battle timer is ON: inactive players will automatically lose when time's up. (requested by minimax_ai)\n|\n|t:|1661365276\n|start\n|switch|p1a: Rotom|Rotom-Wash|100\/100\n|switch|p2a: landorustherian|Landorus-Therian, M|100\/100\n|-ability|p2a: landorustherian|Intimidate|boost\n|-unboost|p1a: Rotom|atk|1\n|turn|1\n|\n|t:|1661365282\n|move|p2a: landorustherian|U-turn|p1a: Rotom\n|-damage|p1a: Rotom|84\/100\n|\n|t:|1661365282\n|switch|p2a: Tangrowth|Tangrowth, F|100\/100|[from]move: U-turn\n|move|p1a: Rotom|Will-O-Wisp|p2a: Tangrowth\n|-status|p2a: Tangrowth|brn\n|\n|-heal|p1a: Rotom|90\/100|[from] item: Leftovers\n|-damage|p2a: Tangrowth|94\/100 brn|[from] brn\n|upkeep\n|turn|2\n|\n|t:|1661365294\n|move|p1a: Rotom|Volt Switch|p2a: Tangrowth\n|-resisted|p2a: Tangrowth\n|-damage|p2a: Tangrowth|76\/100 brn\n|\n|t:|1661365308\n|switch|p1a: Landorus|Landorus-Therian, M|100\/100|[from]move: Volt Switch\n|-ability|p1a: Landorus|Intimidate|boost\n|-unboost|p2a: Tangrowth|atk|1\n|move|p2a: Tangrowth|Giga Drain|p1a: Landorus\n|-damage|p1a: Landorus|81\/100\n|-heal|p2a: Tangrowth|85\/100 brn|[from] drain|[of] p1a: Landorus\n|\n|-heal|p1a: Landorus|87\/100|[from] item: Leftovers\n|-damage|p2a: Tangrowth|79\/100 brn|[from] brn\n|upkeep\n|turn|3\n|\n|t:|1661365319\n|move|p1a: Landorus|Stealth Rock|p2a: Tangrowth\n|-sidestart|p2: minimax_ai|move: Stealth Rock\n|move|p2a: Tangrowth|Sleep Powder|p1a: Landorus\n|-status|p1a: Landorus|slp|[from] move: Sleep Powder\n|\n|-heal|p1a: Landorus|93\/100 slp|[from] item: Leftovers\n|-damage|p2a: Tangrowth|73\/100 brn|[from] brn\n|upkeep\n|turn|4\n|\n|t:|1661365327\n|switch|p1a: Corviknight|Corviknight, F|100\/100\n|-ability|p1a: Corviknight|Pressure\n|move|p2a: Tangrowth|Giga Drain|p1a: Corviknight\n|-resisted|p1a: Corviknight\n|-damage|p1a: Corviknight|94\/100\n|-heal|p2a: Tangrowth|76\/100 brn|[from] drain|[of] p1a: Corviknight\n|\n|-damage|p2a: Tangrowth|70\/100 brn|[from] brn\n|upkeep\n|turn|5\n|\n|t:|1661365336\n|switch|p2a: landorustherian|Landorus-Therian, M|100\/100\n|-damage|p2a: landorustherian|88\/100|[from] Stealth Rock\n|-ability|p2a: landorustherian|Intimidate|boost\n|-unboost|p1a: Corviknight|atk|1\n|move|p1a: Corviknight|U-turn|p2a: landorustherian\n|-resisted|p2a: landorustherian\n|-damage|p2a: landorustherian|83\/100\n|\n|t:|1661365343\n|switch|p1a: Rotom|Rotom-Wash|90\/100|[from]move: U-turn\n|\n|-heal|p2a: landorustherian|89\/100|[from] item: Leftovers\n|-heal|p1a: Rotom|97\/100|[from] item: Leftovers\n|upkeep\n|turn|6\n|\n|t:|1661365349\n|move|p2a: landorustherian|Defog|p1a: Rotom\n|-unboost|p1a: Rotom|evasion|1\n|-sideend|p2: minimax_ai|Stealth Rock|[from] move: Defog|[of] p2a: landorustherian\n|move|p1a: Rotom|Hydro Pump|p2a: landorustherian\n|-supereffective|p2a: landorustherian\n|-damage|p2a: landorustherian|29\/100\n|\n|-heal|p2a: landorustherian|35\/100|[from] item: Leftovers\n|-heal|p1a: Rotom|100\/100|[from] item: Leftovers\n|upkeep\n|turn|7\n|\n|t:|1661365359\n|move|p2a: landorustherian|U-turn|p1a: Rotom\n|-damage|p1a: Rotom|81\/100\n|\n|t:|1661365359\n|switch|p2a: rotomwash|Rotom-Wash|100\/100|[from]move: U-turn\n|move|p1a: Rotom|Hydro Pump|p2a: rotomwash|[miss]\n|-miss|p1a: Rotom|p2a: rotomwash\n|\n|-heal|p1a: Rotom|87\/100|[from] item: Leftovers\n|upkeep\n|turn|8\n|\n|t:|1661365368\n|switch|p1a: Clefable|Clefable, M|100\/100\n|move|p2a: rotomwash|Thunderbolt|p1a: Clefable\n|-damage|p1a: Clefable|64\/100\n|\n|-heal|p1a: Clefable|70\/100|[from] item: Leftovers\n|upkeep\n|turn|9\n|\n|t:|1661365375\n|move|p2a: rotomwash|Nasty Plot|p2a: rotomwash\n|-boost|p2a: rotomwash|spa|2\n|move|p1a: Clefable|Flamethrower|p2a: rotomwash\n|-resisted|p2a: rotomwash\n|-damage|p2a: rotomwash|89\/100\n|\n|-heal|p2a: rotomwash|96\/100|[from] item: Leftovers\n|-heal|p1a: Clefable|76\/100|[from] item: Leftovers\n|upkeep\n|turn|10\n|inactive|bizarman has 120 seconds left.\n|\n|t:|1661365421\n|switch|p1a: Landorus|Landorus-Therian, M|93\/100 slp\n|-ability|p1a: Landorus|Intimidate|boost\n|-unboost|p2a: rotomwash|atk|1\n|move|p2a: rotomwash|Hydro Pump|p1a: Landorus\n|-supereffective|p1a: Landorus\n|-damage|p1a: Landorus|0 fnt\n|faint|p1a: Landorus\n|\n|-heal|p2a: rotomwash|100\/100|[from] item: Leftovers\n|upkeep\n|\n|t:|1661365431\n|switch|p1a: Kartana|Kartana|100\/100\n|turn|11\n|\n|t:|1661365434\n|switch|p2a: Tangrowth|Tangrowth, F|100\/100 brn\n|move|p1a: Kartana|Leaf Blade|p2a: Tangrowth\n|-resisted|p2a: Tangrowth\n|-damage|p2a: Tangrowth|86\/100 brn\n|-damage|p1a: Kartana|84\/100|[from] item: Rocky Helmet|[of] p2a: Tangrowth\n|\n|-damage|p2a: Tangrowth|79\/100 brn|[from] brn\n|upkeep\n|turn|12\n|inactive|bizarman has 120 seconds left.\n|\n|t:|1661365450\n|switch|p1a: Tyranitar|Tyranitar, M|100\/100\n|-weather|Sandstorm|[from] ability: Sand Stream|[of] p1a: Tyranitar\n|move|p2a: Tangrowth|Giga Drain|p1a: Tyranitar\n|-supereffective|p1a: Tyranitar\n|-damage|p1a: Tyranitar|64\/100\n|-heal|p2a: Tangrowth|95\/100 brn|[from] drain|[of] p1a: Tyranitar\n|\n|-weather|Sandstorm|[upkeep]\n|-damage|p2a: Tangrowth|89\/100 brn|[from] Sandstorm\n|-damage|p2a: Tangrowth|83\/100 brn|[from] brn\n|upkeep\n|turn|13\n|\n|t:|1661365461\n|move|p1a: Tyranitar|Stone Edge|p2a: Tangrowth\n|-damage|p2a: Tangrowth|36\/100 brn\n|move|p2a: Tangrowth|Giga Drain|p1a: Tyranitar\n|-supereffective|p1a: Tyranitar\n|-damage|p1a: Tyranitar|26\/100\n|-heal|p2a: Tangrowth|51\/100 brn|[from] drain|[of] p1a: Tyranitar\n|\n|-weather|Sandstorm|[upkeep]\n|-damage|p2a: Tangrowth|45\/100 brn|[from] Sandstorm\n|-damage|p2a: Tangrowth|39\/100 brn|[from] brn\n|upkeep\n|turn|14\n|\n|t:|1661365475\n|switch|p1a: Rotom|Rotom-Wash|87\/100\n|switch|p2a: Melmetal|Melmetal|100\/100\n|\n|-weather|Sandstorm|[upkeep]\n|-damage|p1a: Rotom|81\/100|[from] Sandstorm\n|-heal|p1a: Rotom|87\/100|[from] item: Leftovers\n|upkeep\n|turn|15\n|\n|t:|1661365483\n|switch|p2a: rotomwash|Rotom-Wash|100\/100\n|move|p1a: Rotom|Volt Switch|p2a: rotomwash\n|-damage|p2a: rotomwash|75\/100\n|\n|t:|1661365489\n|switch|p1a: Kartana|Kartana|84\/100|[from]move: Volt Switch\n|\n|-weather|Sandstorm|[upkeep]\n|-damage|p2a: rotomwash|69\/100|[from] Sandstorm\n|-heal|p2a: rotomwash|75\/100|[from] item: Leftovers\n|upkeep\n|turn|16\n|inactive|bizarman has 120 seconds left.\n|\n|t:|1661365496\n|switch|p2a: Tangrowth|Tangrowth, F|72\/100 brn\n|move|p1a: Kartana|Knock Off|p2a: Tangrowth\n|-damage|p2a: Tangrowth|50\/100 brn\n|-damage|p1a: Kartana|67\/100|[from] item: Rocky Helmet|[of] p2a: Tangrowth\n|-enditem|p2a: Tangrowth|Rocky Helmet|[from] move: Knock Off|[of] p1a: Kartana\n|\n|-weather|none\n|-damage|p2a: Tangrowth|44\/100 brn|[from] brn\n|upkeep\n|turn|17\n|inactive|bizarman has 120 seconds left.\n|\n|t:|1661365506\n|switch|p1a: Clefable|Clefable, M|76\/100\n|move|p2a: Tangrowth|Giga Drain|p1a: Clefable\n|-damage|p1a: Clefable|47\/100\n|-heal|p2a: Tangrowth|58\/100 brn|[from] drain|[of] p1a: Clefable\n|\n|-heal|p1a: Clefable|53\/100|[from] item: Leftovers\n|-damage|p2a: Tangrowth|52\/100 brn|[from] brn\n|upkeep\n|turn|18\n|\n|t:|1661365515\n|switch|p2a: Heatran|Heatran, M|100\/100\n|-item|p2a: Heatran|Air Balloon\n|move|p1a: Clefable|Soft-Boiled|p1a: Clefable\n|-heal|p1a: Clefable|100\/100\n|\n|upkeep\n|turn|19\n|\n|t:|1661365524\n|switch|p1a: Rotom|Rotom-Wash|87\/100\n|move|p2a: Heatran|Eruption|p1a: Rotom\n|-resisted|p1a: Rotom\n|-damage|p1a: Rotom|47\/100\n|\n|-heal|p1a: Rotom|53\/100|[from] item: Leftovers\n|upkeep\n|turn|20\n|\n|t:|1661365532\n|switch|p2a: rotomwash|Rotom-Wash|75\/100\n|move|p1a: Rotom|Volt Switch|p2a: rotomwash\n|-damage|p2a: rotomwash|48\/100\n|\n|t:|1661365540\n|switch|p1a: Kartana|Kartana|67\/100|[from]move: Volt Switch\n|\n|-heal|p2a: rotomwash|54\/100|[from] item: Leftovers\n|upkeep\n|turn|21\n|\n|t:|1661365545\n|switch|p2a: Tangrowth|Tangrowth, F|85\/100 brn\n|move|p1a: Kartana|Leaf Blade|p2a: Tangrowth\n|-resisted|p2a: Tangrowth\n|-damage|p2a: Tangrowth|69\/100 brn\n|\n|-damage|p2a: Tangrowth|63\/100 brn|[from] brn\n|upkeep\n|turn|22\n|\n|t:|1661365555\n|switch|p1a: Corviknight|Corviknight, F|94\/100\n|-ability|p1a: Corviknight|Pressure\n|move|p2a: Tangrowth|Giga Drain|p1a: Corviknight\n|-resisted|p1a: Corviknight\n|-damage|p1a: Corviknight|88\/100\n|-heal|p2a: Tangrowth|66\/100 brn|[from] drain|[of] p1a: Corviknight\n|\n|-damage|p2a: Tangrowth|60\/100 brn|[from] brn\n|upkeep\n|turn|23\n|\n|t:|1661365564\n|switch|p2a: landorustherian|Landorus-Therian, M|35\/100\n|-ability|p2a: landorustherian|Intimidate|boost\n|-unboost|p1a: Corviknight|atk|1\n|move|p1a: Corviknight|U-turn|p2a: landorustherian\n|-resisted|p2a: landorustherian\n|-damage|p2a: landorustherian|30\/100\n|\n|t:|1661365573\n|switch|p1a: Rotom|Rotom-Wash|53\/100|[from]move: U-turn\n|\n|-heal|p2a: landorustherian|36\/100|[from] item: Leftovers\n|-heal|p1a: Rotom|60\/100|[from] item: Leftovers\n|upkeep\n|turn|24\n|\n|t:|1661365579\n|switch|p2a: rotomwash|Rotom-Wash|54\/100\n|move|p1a: Rotom|Hydro Pump|p2a: rotomwash\n|-resisted|p2a: rotomwash\n|-damage|p2a: rotomwash|34\/100\n|\n|-heal|p2a: rotomwash|40\/100|[from] item: Leftovers\n|-heal|p1a: Rotom|66\/100|[from] item: Leftovers\n|upkeep\n|turn|25\n|\n|t:|1661365587\n|move|p2a: rotomwash|Thunderbolt|p1a: Rotom\n|-crit|p1a: Rotom\n|-damage|p1a: Rotom|9\/100\n|move|p1a: Rotom|Volt Switch|p2a: rotomwash\n|-damage|p2a: rotomwash|14\/100\n|\n|t:|1661365594\n|switch|p1a: Kartana|Kartana|67\/100|[from]move: Volt Switch\n|\n|-heal|p2a: rotomwash|21\/100|[from] item: Leftovers\n|upkeep\n|turn|26\n|\n|t:|1661365602\n|switch|p1a: Tyranitar|Tyranitar, M|26\/100\n|-weather|Sandstorm|[from] ability: Sand Stream|[of] p1a: Tyranitar\n|switch|p2a: Tangrowth|Tangrowth, F|93\/100 brn\n|\n|-weather|Sandstorm|[upkeep]\n|-damage|p2a: Tangrowth|87\/100 brn|[from] Sandstorm\n|-damage|p2a: Tangrowth|81\/100 brn|[from] brn\n|upkeep\n|turn|27\n|\n|t:|1661365611\n|move|p1a: Tyranitar|Fire Punch|p2a: Tangrowth\n|-supereffective|p2a: Tangrowth\n|-damage|p2a: Tangrowth|37\/100 brn\n|move|p2a: Tangrowth|Giga Drain|p1a: Tyranitar\n|-supereffective|p1a: Tyranitar\n|-crit|p1a: Tyranitar\n|-damage|p1a: Tyranitar|0 fnt\n|-heal|p2a: Tangrowth|48\/100 brn|[from] drain|[of] p1a: Tyranitar\n|faint|p1a: Tyranitar\n|\n|-weather|Sandstorm|[upkeep]\n|-damage|p2a: Tangrowth|42\/100 brn|[from] Sandstorm\n|-damage|p2a: Tangrowth|35\/100 brn|[from] brn\n|upkeep\n|\n|t:|1661365623\n|switch|p1a: Clefable|Clefable, M|100\/100\n|turn|28\n|\n|t:|1661365625\n|switch|p2a: Heatran|Heatran, M|100\/100\n|-item|p2a: Heatran|Air Balloon\n|move|p1a: Clefable|Moonblast|p2a: Heatran\n|-resisted|p2a: Heatran\n|-damage|p2a: Heatran|92\/100\n|-enditem|p2a: Heatran|Air Balloon\n|\n|-weather|Sandstorm|[upkeep]\n|upkeep\n|turn|29\n|\n|t:|1661365644\n|switch|p1a: Rotom|Rotom-Wash|9\/100\n|move|p2a: Heatran|Magma Storm|p1a: Rotom\n|-resisted|p1a: Rotom\n|-damage|p1a: Rotom|0 fnt\n|faint|p1a: Rotom\n|\n|-weather|Sandstorm|[upkeep]\n|upkeep\n|\n|t:|1661365654\n|switch|p1a: Kartana|Kartana|67\/100\n|turn|30\n|\n|t:|1661365657\n|move|p1a: Kartana|Sacred Sword|p2a: Heatran\n|-supereffective|p2a: Heatran\n|-damage|p2a: Heatran|13\/100\n|move|p2a: Heatran|Eruption|p1a: Kartana\n|-supereffective|p1a: Kartana\n|-damage|p1a: Kartana|0 fnt\n|faint|p1a: Kartana\n|\n|-weather|none\n|upkeep\n|\n|t:|1661365665\n|switch|p1a: Clefable|Clefable, M|100\/100\n|turn|31\n|\n|t:|1661365670\n|move|p2a: Heatran|Magma Storm|p1a: Clefable\n|-damage|p1a: Clefable|55\/100\n|-activate|p1a: Clefable|move: Magma Storm|[of] p2a: Heatran\n|move|p1a: Clefable|Moonblast|p2a: Heatran\n|-resisted|p2a: Heatran\n|-damage|p2a: Heatran|5\/100\n|\n|-heal|p1a: Clefable|61\/100|[from] item: Leftovers\n|upkeep\n|turn|32\n|\n|t:|1661365678\n|move|p2a: Heatran|Magma Storm|p1a: Clefable\n|-damage|p1a: Clefable|12\/100\n|move|p1a: Clefable|Moonblast|p2a: Heatran\n|-resisted|p2a: Heatran\n|-damage|p2a: Heatran|0 fnt\n|faint|p2a: Heatran\n|\n|-heal|p1a: Clefable|18\/100|[from] item: Leftovers\n|-end|p1a: Clefable|Magma Storm|[partiallytrapped]|[silent]\n|upkeep\n|\n|t:|1661365678\n|switch|p2a: rotomwash|Rotom-Wash|21\/100\n|turn|33\n|c|\u2606bizarman|gg\n|\n|t:|1661365688\n|move|p2a: rotomwash|Thunderbolt|p1a: Clefable\n|-damage|p1a: Clefable|0 fnt\n|faint|p1a: Clefable\n|\n|-heal|p2a: rotomwash|27\/100|[from] item: Leftovers\n|upkeep\n|-message|bizarman forfeited.\n|\n|win|minimax_ai\n|raw|bizarman's rating: 1687 &rarr; <strong>1665<\/strong><br \/>(-22 for losing)\n|raw|minimax_ai's rating: 1651 &rarr; <strong>1673<\/strong><br \/>(+22 for winning)\n|c|\u2606minimax_ai|gg\n","uploadtime":1661365692,"views":28,"p1id":"bizarman","p2id":"minimaxai","formatid":"gen8ou","rating":1665,"private":0,"password":null}