{"id":"gen8ou-1638994639","p1":"LT93OQ Bee","p2":"tanishq1","format":"gen8ou","log":"|raw|<div class=\"broadcast-blue\"><strong>This battle is required to be public due to a player having a name starting with 'lt93oq'.<\/div>\n|j|\u203dLT93OQ Bee\n|j|\u2606tanishq1\n|t:|1660420836\n|gametype|singles\n|player|p1|LT93OQ Bee|cynthia-masters|1751\n|player|p2|tanishq1|265|1740\n|teamsize|p1|6\n|teamsize|p2|6\n|gen|8\n|tier|[Gen 8] OU\n|rated|\n|rule|Sleep Clause Mod: Limit one foe put to sleep\n|rule|Species Clause: Limit one of each Pok\u00e9mon\n|rule|OHKO Clause: OHKO moves are banned\n|rule|Evasion Items Clause: Evasion items are banned\n|rule|Evasion Moves Clause: Evasion moves are banned\n|rule|Endless Battle Clause: Forcing endless battles is banned\n|rule|HP Percentage Mod: HP is shown in percentages\n|rule|Dynamax Clause: You cannot dynamax\n|clearpoke\n|poke|p1|Dragapult, M|\n|poke|p1|Zapdos|\n|poke|p1|Urshifu-*, F|\n|poke|p1|Tapu Lele|\n|poke|p1|Landorus-Therian, M|\n|poke|p1|Melmetal|\n|poke|p2|Dragapult, F|\n|poke|p2|Tapu Fini|\n|poke|p2|Blacephalon|\n|poke|p2|Tapu Lele|\n|poke|p2|Landorus-Therian, M|\n|poke|p2|Melmetal|\n|teampreview\n|inactive|Battle timer is ON: inactive players will automatically lose when time's up. (requested by LT93OQ Bee)\n|\n|t:|1660420850\n|start\n|switch|p1a: Urshifu|Urshifu-Rapid-Strike, F|100\/100\n|switch|p2a: Tapu Fini|Tapu Fini|100\/100\n|-fieldstart|move: Misty Terrain|[from] ability: Misty Surge|[of] p2a: Tapu Fini\n|turn|1\n|\n|t:|1660420860\n|move|p1a: Urshifu|U-turn|p2a: Tapu Fini\n|-resisted|p2a: Tapu Fini\n|-damage|p2a: Tapu Fini|89\/100\n|\n|t:|1660420866\n|switch|p1a: Melmetal|Melmetal|100\/100|[from]move: U-turn\n|move|p2a: Tapu Fini|Knock Off|p1a: Melmetal\n|-damage|p1a: Melmetal|90\/100\n|-enditem|p1a: Melmetal|Leftovers|[from] move: Knock Off|[of] p2a: Tapu Fini\n|\n|-heal|p2a: Tapu Fini|95\/100|[from] item: Leftovers\n|upkeep\n|turn|2\n|j| Sinomb\n|j| BeastBraedon\n|inactive|tanishq1 has 120 seconds left.\n|j| simplegent\n|j| CB Bhris Breezy\n|\n|t:|1660420906\n|switch|p2a: Landorus|Landorus-Therian, M|100\/100\n|-ability|p2a: Landorus|Intimidate|boost\n|-unboost|p1a: Melmetal|atk|1\n|move|p1a: Melmetal|Double Iron Bash|p2a: Landorus\n|-damage|p2a: Landorus|70\/100\n|-damage|p2a: Landorus|42\/100\n|-hitcount|p2a: Landorus|2\n|\n|-heal|p2a: Landorus|48\/100|[from] item: Leftovers\n|upkeep\n|turn|3\n|l| simplegent\n|\n|t:|1660420910\n|move|p2a: Landorus|Stealth Rock|p1a: Melmetal\n|-sidestart|p1: LT93OQ Bee|move: Stealth Rock\n|move|p1a: Melmetal|Double Iron Bash|p2a: Landorus\n|-damage|p2a: Landorus|18\/100\n|-damage|p2a: Landorus|0 fnt\n|faint|p2a: Landorus\n|-hitcount|p2: Landorus|2\n|\n|upkeep\n|\n|t:|1660420912\n|switch|p2a: Blacephalon|Blacephalon|100\/100\n|turn|4\n|j| oWyZoWyZ\n|j| just nimmemja\n|inactive|LT93OQ Bee has 120 seconds left.\n|inactive|LT93OQ Bee has 90 seconds left.\n|j| clicko\n|l| oWyZoWyZ\n|\n|t:|1660420991\n|move|p1a: Melmetal|Protect|p1a: Melmetal\n|-singleturn|p1a: Melmetal|Protect\n|move|p2a: Blacephalon|Flamethrower|p1a: Melmetal\n|-activate|p1a: Melmetal|move: Protect\n|\n|upkeep\n|turn|5\n|\n|t:|1660420998\n|switch|p1a: Dragapult|Dragapult, M|100\/100\n|-damage|p1a: Dragapult|88\/100|[from] Stealth Rock\n|move|p2a: Blacephalon|Flamethrower|p1a: Dragapult\n|-resisted|p1a: Dragapult\n|-damage|p1a: Dragapult|38\/100\n|\n|-fieldend|Misty Terrain\n|upkeep\n|turn|6\n|\n|t:|1660421022\n|switch|p2a: Tapu Fini|Tapu Fini|95\/100\n|-fieldstart|move: Misty Terrain|[from] ability: Misty Surge|[of] p2a: Tapu Fini\n|move|p1a: Dragapult|Shadow Ball|p2a: Tapu Fini\n|-damage|p2a: Tapu Fini|48\/100\n|\n|-heal|p2a: Tapu Fini|54\/100|[from] item: Leftovers\n|upkeep\n|turn|7\n|inactive|LT93OQ Bee has 90 seconds left.\n|\n|t:|1660421042\n|switch|p1a: Zapdos|Zapdos|100\/100\n|move|p2a: Tapu Fini|Moonblast|p1a: Zapdos\n|-damage|p1a: Zapdos|63\/100\n|\n|-heal|p2a: Tapu Fini|61\/100|[from] item: Leftovers\n|upkeep\n|turn|8\n|\n|t:|1660421050\n|switch|p2a: Dragapult|Dragapult, F|100\/100\n|move|p1a: Zapdos|Thunderbolt|p2a: Dragapult\n|-resisted|p2a: Dragapult\n|-damage|p2a: Dragapult|69\/100\n|\n|upkeep\n|turn|9\n|j| JustFranco\u203d\n|j| santiago bernabeu\n|l| santiago bernabeu\n|inactive|LT93OQ Bee has 90 seconds left.\n|inactive|LT93OQ Bee has 60 seconds left.\n|j| Miyan\n|\n|t:|1660421104\n|move|p2a: Dragapult|Shadow Ball|p1a: Zapdos\n|-damage|p1a: Zapdos|2\/100\n|-unboost|p1a: Zapdos|spd|1\n|move|p1a: Zapdos|Hurricane|p2a: Dragapult\n|-damage|p2a: Dragapult|0 fnt\n|faint|p2a: Dragapult\n|\n|upkeep\n|\n|t:|1660421108\n|switch|p2a: Blacephalon|Blacephalon|100\/100\n|turn|10\n|inactive|LT93OQ Bee has 60 seconds left.\n|\n|t:|1660421115\n|move|p2a: Blacephalon|Shadow Ball|p1a: Zapdos\n|-damage|p1a: Zapdos|0 fnt\n|faint|p1a: Zapdos\n|-ability|p2a: Blacephalon|Beast Boost|boost\n|-boost|p2a: Blacephalon|spa|1\n|\n|-fieldend|Misty Terrain\n|upkeep\n|\n|t:|1660421117\n|switch|p1a: Dragapult|Dragapult, M|38\/100\n|-damage|p1a: Dragapult|26\/100|[from] Stealth Rock\n|turn|11\n|\n|t:|1660421119\n|switch|p2a: Melmetal|Melmetal|100\/100\n|move|p1a: Dragapult|Shadow Ball|p2a: Melmetal\n|-damage|p2a: Melmetal|50\/100\n|\n|-heal|p2a: Melmetal|56\/100|[from] item: Leftovers\n|upkeep\n|turn|12\n|\n|t:|1660421127\n|switch|p1a: Landorus|Landorus-Therian, M|100\/100\n|-damage|p1a: Landorus|88\/100|[from] Stealth Rock\n|-ability|p1a: Landorus|Intimidate|boost\n|-unboost|p2a: Melmetal|atk|1\n|move|p2a: Melmetal|Double Iron Bash|p1a: Landorus\n|-damage|p1a: Landorus|65\/100\n|-damage|p1a: Landorus|42\/100\n|-hitcount|p1a: Landorus|2\n|\n|-heal|p1a: Landorus|48\/100|[from] item: Leftovers\n|-heal|p2a: Melmetal|62\/100|[from] item: Leftovers\n|upkeep\n|turn|13\n|\n|t:|1660421144\n|move|p2a: Melmetal|Protect|p2a: Melmetal\n|-singleturn|p2a: Melmetal|Protect\n|move|p1a: Landorus|Earthquake|p2a: Melmetal\n|-activate|p2a: Melmetal|move: Protect\n|\n|-heal|p1a: Landorus|54\/100|[from] item: Leftovers\n|-heal|p2a: Melmetal|68\/100|[from] item: Leftovers\n|upkeep\n|turn|14\n|inactive|LT93OQ Bee has 90 seconds left.\n|\n|t:|1660421151\n|move|p1a: Landorus|Earthquake|p2a: Melmetal\n|-supereffective|p2a: Melmetal\n|-damage|p2a: Melmetal|9\/100\n|move|p2a: Melmetal|Double Iron Bash|p1a: Landorus\n|-damage|p1a: Landorus|33\/100\n|-damage|p1a: Landorus|10\/100\n|-hitcount|p1a: Landorus|2\n|\n|-heal|p1a: Landorus|16\/100|[from] item: Leftovers\n|-heal|p2a: Melmetal|15\/100|[from] item: Leftovers\n|upkeep\n|turn|15\n|\n|t:|1660421158\n|move|p1a: Landorus|Earthquake|p2a: Melmetal\n|-supereffective|p2a: Melmetal\n|-damage|p2a: Melmetal|0 fnt\n|faint|p2a: Melmetal\n|\n|-heal|p1a: Landorus|22\/100|[from] item: Leftovers\n|upkeep\n|\n|t:|1660421162\n|switch|p2a: Blacephalon|Blacephalon|100\/100\n|turn|16\n|\n|t:|1660421165\n|move|p2a: Blacephalon|Flamethrower|p1a: Landorus\n|-damage|p1a: Landorus|0 fnt\n|faint|p1a: Landorus\n|-ability|p2a: Blacephalon|Beast Boost|boost\n|-boost|p2a: Blacephalon|spa|1\n|\n|upkeep\n|\n|t:|1660421168\n|switch|p1a: Dragapult|Dragapult, M|26\/100\n|-damage|p1a: Dragapult|13\/100|[from] Stealth Rock\n|turn|17\n|\n|t:|1660421179\n|switch|p2a: Tapu Fini|Tapu Fini|61\/100\n|-fieldstart|move: Misty Terrain|[from] ability: Misty Surge|[of] p2a: Tapu Fini\n|move|p1a: Dragapult|Shadow Ball|p2a: Tapu Fini\n|-damage|p2a: Tapu Fini|15\/100\n|\n|-heal|p2a: Tapu Fini|21\/100|[from] item: Leftovers\n|upkeep\n|turn|18\n|\n|t:|1660421182\n|move|p1a: Dragapult|Shadow Ball|p2a: Tapu Fini\n|-damage|p2a: Tapu Fini|0 fnt\n|faint|p2a: Tapu Fini\n|\n|upkeep\n|\n|t:|1660421184\n|switch|p2a: Tapu Lele|Tapu Lele|100\/100\n|-fieldstart|move: Psychic Terrain|[from] ability: Psychic Surge|[of] p2a: Tapu Lele\n|turn|19\n|\n|t:|1660421195\n|switch|p2a: Blacephalon|Blacephalon|100\/100\n|switch|p1a: Melmetal|Melmetal|90\/100\n|-damage|p1a: Melmetal|84\/100|[from] Stealth Rock\n|\n|upkeep\n|turn|20\n|\n|t:|1660421205\n|switch|p1a: Urshifu|Urshifu-Rapid-Strike, F|100\/100\n|-damage|p1a: Urshifu|94\/100|[from] Stealth Rock\n|move|p2a: Blacephalon|Flamethrower|p1a: Urshifu\n|-resisted|p1a: Urshifu\n|-damage|p1a: Urshifu|38\/100\n|\n|upkeep\n|turn|21\n|\n|t:|1660421208\n|move|p2a: Blacephalon|Flamethrower|p1a: Urshifu\n|-resisted|p1a: Urshifu\n|-damage|p1a: Urshifu|0 fnt\n|faint|p1a: Urshifu\n|-ability|p2a: Blacephalon|Beast Boost|boost\n|-boost|p2a: Blacephalon|spa|1\n|\n|upkeep\n|\n|t:|1660421210\n|switch|p1a: Dragapult|Dragapult, M|13\/100\n|-damage|p1a: Dragapult|1\/100|[from] Stealth Rock\n|turn|22\n|\n|t:|1660421216\n|move|p1a: Dragapult|Shadow Ball|p2a: Blacephalon\n|-supereffective|p2a: Blacephalon\n|-damage|p2a: Blacephalon|0 fnt\n|faint|p2a: Blacephalon\n|\n|upkeep\n|\n|t:|1660421217\n|switch|p2a: Tapu Lele|Tapu Lele|100\/100\n|turn|23\n|j| spiderking3261\n|l| spiderking3261\n|\n|t:|1660421237\n|move|p2a: Tapu Lele|Moonblast|p1a: Dragapult\n|-supereffective|p1a: Dragapult\n|-damage|p1a: Dragapult|0 fnt\n|faint|p1a: Dragapult\n|\n|-fieldend|move: Psychic Terrain\n|upkeep\n|\n|t:|1660421238\n|switch|p1a: Melmetal|Melmetal|84\/100\n|-damage|p1a: Melmetal|78\/100|[from] Stealth Rock\n|turn|24\n|\n|t:|1660421241\n|move|p2a: Tapu Lele|Moonblast|p1a: Melmetal\n|-resisted|p1a: Melmetal\n|-damage|p1a: Melmetal|55\/100\n|-unboost|p1a: Melmetal|spa|1\n|move|p1a: Melmetal|Double Iron Bash|p2a: Tapu Lele\n|-supereffective|p2a: Tapu Lele\n|-damage|p2a: Tapu Lele|0 fnt\n|faint|p2a: Tapu Lele\n|-hitcount|p2: Tapu Lele|1\n|\n|win|LT93OQ Bee\n|raw|LT93OQ Bee's rating: 1727 &rarr; <strong>1747<\/strong><br \/>(+20 for winning)\n|raw|tanishq1's rating: 1722 &rarr; <strong>1702<\/strong><br \/>(-20 for losing)\n","uploadtime":1660421245,"views":72,"p1id":"lt93oqbee","p2id":"tanishq1","formatid":"gen8ou","rating":1702,"private":0,"password":null}