{"id":"gen8ou-1136624433","p1":"chan da lure","p2":"A","format":"gen8ou","log":"|j|\u2606chan da lure\n|j|\u2606A\n|player|p1|chan da lure|170|1715\n|player|p2|A|clemont|1736\n|teamsize|p1|6\n|teamsize|p2|6\n|gametype|singles\n|gen|8\n|tier|[Gen 8] OU\n|rated|\n|clearpoke\n|poke|p1|Hippowdon, F|\n|poke|p1|Toxapex, F|\n|poke|p1|Magearna|\n|poke|p1|Rotom-Heat|\n|poke|p1|Urshifu, M|\n|poke|p1|Dragapult, M|\n|poke|p2|Chansey, F|\n|poke|p2|Arcanine, F|\n|poke|p2|Toxapex, F|\n|poke|p2|Magearna|\n|poke|p2|Kommo-o, M|\n|poke|p2|Urshifu, M|\n|rule|Sleep Clause Mod: Limit one foe put to sleep\n|rule|Species Clause: Limit one of each Pok\u00e9mon\n|rule|OHKO Clause: OHKO moves are banned\n|rule|Evasion Moves Clause: Evasion moves are banned\n|rule|Endless Battle Clause: Forcing endless battles is banned\n|rule|HP Percentage Mod: HP is shown in percentages\n|rule|Dynamax Clause: You cannot dynamax\n|teampreview\n|inactive|Battle timer is ON: inactive players will automatically lose when time's up. (requested by A)\n|j| titou39\n|inactive|chan da lure has 120 seconds left.\n|\n|start\n|switch|p1a: Hippowdon|Hippowdon, F|100\/100\n|switch|p2a: cancer|Urshifu, M, shiny|100\/100\n|turn|1\n|l| titou39\n|\n|switch|p2a: cool laddy|Kommo-o, M|100\/100\n|move|p1a: Hippowdon|Stealth Rock|p2a: cool laddy\n|-sidestart|p2: A|move: Stealth Rock\n|\n|upkeep\n|turn|2\n|\n|switch|p1a: Magearna|Magearna|100\/100\n|move|p2a: cool laddy|Stealth Rock|p1a: Magearna\n|-sidestart|p1: chan da lure|move: Stealth Rock\n|\n|upkeep\n|turn|3\n|\n|switch|p2a: BEST GIRL|Chansey, F, shiny|100\/100\n|-damage|p2a: BEST GIRL|88\/100|[from] Stealth Rock\n|move|p1a: Magearna|Volt Switch|p2a: BEST GIRL\n|-damage|p2a: BEST GIRL|82\/100\n|\n|switch|p1a: Urshifu|Urshifu, M|100\/100|[from]move: Volt Switch\n|-damage|p1a: Urshifu|94\/100|[from] Stealth Rock\n|\n|upkeep\n|turn|4\n|\n|switch|p2a: gamer girl|Arcanine, F, shiny|100\/100\n|-ability|p2a: gamer girl|Intimidate|boost\n|-unboost|p1a: Urshifu|atk|1\n|move|p1a: Urshifu|U-turn|p2a: gamer girl\n|-resisted|p2a: gamer girl\n|-damage|p2a: gamer girl|92\/100\n|\n|switch|p1a: Toxapex|Toxapex, F|100\/100|[from]move: U-turn\n|-damage|p1a: Toxapex|88\/100|[from] Stealth Rock\n|\n|-heal|p1a: Toxapex|94\/100|[from] item: Black Sludge\n|upkeep\n|turn|5\n|\n|move|p2a: gamer girl|Will-O-Wisp|p1a: Toxapex\n|-status|p1a: Toxapex|brn\n|move|p1a: Toxapex|Toxic Spikes|p2a: gamer girl\n|-sidestart|p2: A|move: Toxic Spikes\n|\n|-heal|p1a: Toxapex|100\/100 brn|[from] item: Black Sludge\n|-damage|p1a: Toxapex|94\/100 brn|[from] brn\n|upkeep\n|turn|6\n|\n|switch|p2a: lamer than me|Toxapex, F|100\/100\n|-damage|p2a: lamer than me|88\/100|[from] Stealth Rock\n|-sideend|p2: A|move: Toxic Spikes|[of] p2a: lamer than me\n|switch|p1a: Rotom|Rotom-Heat|100\/100\n|\n|-heal|p2a: lamer than me|94\/100|[from] item: Black Sludge\n|upkeep\n|turn|7\n|j| koyarno\n|\n|move|p1a: Rotom|Discharge|p2a: lamer than me\n|-supereffective|p2a: lamer than me\n|-damage|p2a: lamer than me|43\/100\n|move|p2a: lamer than me|Toxic|p1a: Rotom\n|-status|p1a: Rotom|tox\n|\n|-heal|p2a: lamer than me|49\/100|[from] item: Black Sludge\n|-damage|p1a: Rotom|95\/100 tox|[from] psn\n|upkeep\n|turn|8\n|l| koyarno\n|\n|switch|p1a: Urshifu|Urshifu, M|94\/100\n|-damage|p1a: Urshifu|88\/100|[from] Stealth Rock\n|switch|p2a: BEST GIRL|Chansey, F, shiny|82\/100\n|-damage|p2a: BEST GIRL|70\/100|[from] Stealth Rock\n|\n|upkeep\n|turn|9\n|j| titou39\n|\n|switch|p2a: gamer girl|Arcanine, F, shiny|92\/100\n|-ability|p2a: gamer girl|Intimidate|boost\n|-unboost|p1a: Urshifu|atk|1\n|move|p1a: Urshifu|Close Combat|p2a: gamer girl\n|-damage|p2a: gamer girl|47\/100\n|-unboost|p1a: Urshifu|def|1\n|-unboost|p1a: Urshifu|spd|1\n|\n|upkeep\n|turn|10\n|j| madblackcat\n|\n|switch|p1a: Toxapex|Toxapex, F|100\/100 brn\n|-damage|p1a: Toxapex|88\/100 brn|[from] Stealth Rock\n|move|p2a: gamer girl|Morning Sun|p2a: gamer girl\n|-heal|p2a: gamer girl|97\/100\n|\n|-heal|p1a: Toxapex|94\/100 brn|[from] item: Black Sludge\n|-damage|p1a: Toxapex|88\/100 brn|[from] brn\n|upkeep\n|turn|11\n|\n|switch|p2a: lamer than me|Toxapex, F|82\/100\n|-damage|p2a: lamer than me|70\/100|[from] Stealth Rock\n|switch|p1a: Urshifu|Urshifu, M|88\/100\n|-damage|p1a: Urshifu|82\/100|[from] Stealth Rock\n|\n|-heal|p2a: lamer than me|76\/100|[from] item: Black Sludge\n|upkeep\n|turn|12\n|\n|move|p1a: Urshifu|Wicked Blow|p2a: lamer than me\n|-crit|p2a: lamer than me\n|-damage|p2a: lamer than me|22\/100\n|move|p2a: lamer than me|Recover|p2a: lamer than me\n|-heal|p2a: lamer than me|72\/100\n|\n|-heal|p2a: lamer than me|78\/100|[from] item: Black Sludge\n|upkeep\n|turn|13\n|l| madblackcat\n|\n|switch|p1a: Rotom|Rotom-Heat|95\/100 tox\n|move|p2a: lamer than me|Scald|p1a: Rotom\n|-supereffective|p1a: Rotom\n|-damage|p1a: Rotom|62\/100 tox\n|\n|-heal|p2a: lamer than me|84\/100|[from] item: Black Sludge\n|-damage|p1a: Rotom|56\/100 tox|[from] psn\n|upkeep\n|turn|14\n|\n|switch|p1a: Urshifu|Urshifu, M|82\/100\n|-damage|p1a: Urshifu|76\/100|[from] Stealth Rock\n|switch|p2a: cool laddy|Kommo-o, M|100\/100\n|-damage|p2a: cool laddy|95\/100|[from] Stealth Rock\n|\n|upkeep\n|turn|15\n|\n|switch|p1a: Dragapult|Dragapult, M, shiny|100\/100\n|-damage|p1a: Dragapult|88\/100|[from] Stealth Rock\n|move|p2a: cool laddy|Clanging Scales|p1a: Dragapult\n|-supereffective|p1a: Dragapult\n|-damage|p1a: Dragapult|0 fnt\n|-unboost|p2a: cool laddy|def|1\n|faint|p1a: Dragapult\n|\n|upkeep\n|\n|switch|p1a: Magearna|Magearna|100\/100\n|-damage|p1a: Magearna|94\/100|[from] Stealth Rock\n|turn|16\n|\n|switch|p2a: BEST GIRL|Chansey, F, shiny|70\/100\n|-damage|p2a: BEST GIRL|58\/100|[from] Stealth Rock\n|move|p1a: Magearna|Iron Head|p2a: BEST GIRL\n|-damage|p2a: BEST GIRL|40\/100\n|\n|upkeep\n|turn|17\n|\n|move|p1a: Magearna|Iron Head|p2a: BEST GIRL\n|-damage|p2a: BEST GIRL|22\/100\n|move|p2a: BEST GIRL|Soft-Boiled|p2a: BEST GIRL\n|-heal|p2a: BEST GIRL|72\/100\n|\n|upkeep\n|turn|18\n|\n|move|p1a: Magearna|Focus Blast|p2a: BEST GIRL|[miss]\n|-miss|p1a: Magearna|p2a: BEST GIRL\n|move|p2a: BEST GIRL|Thunder Wave|p1a: Magearna\n|-status|p1a: Magearna|par\n|\n|upkeep\n|turn|19\n|\n|move|p2a: BEST GIRL|Seismic Toss|p1a: Magearna\n|-damage|p1a: Magearna|67\/100 par\n|move|p1a: Magearna|Volt Switch|p2a: BEST GIRL\n|-damage|p2a: BEST GIRL|66\/100\n|\n|switch|p1a: Urshifu|Urshifu, M|76\/100|[from]move: Volt Switch\n|-damage|p1a: Urshifu|70\/100|[from] Stealth Rock\n|\n|upkeep\n|turn|20\n|\n|switch|p2a: lamer than me|Toxapex, F|100\/100\n|-damage|p2a: lamer than me|88\/100|[from] Stealth Rock\n|move|p1a: Urshifu|Close Combat|p2a: lamer than me\n|-resisted|p2a: lamer than me\n|-damage|p2a: lamer than me|61\/100\n|-unboost|p1a: Urshifu|def|1\n|-unboost|p1a: Urshifu|spd|1\n|\n|-heal|p2a: lamer than me|67\/100|[from] item: Black Sludge\n|upkeep\n|turn|21\n|j| AnimaticLunatic\n|\n|switch|p1a: Toxapex|Toxapex, F|100\/100 brn\n|-damage|p1a: Toxapex|88\/100 brn|[from] Stealth Rock\n|move|p2a: lamer than me|Knock Off|p1a: Toxapex\n|-damage|p1a: Toxapex|75\/100 brn\n|-enditem|p1a: Toxapex|Black Sludge|[from] move: Knock Off|[of] p2a: lamer than me\n|\n|-heal|p2a: lamer than me|74\/100|[from] item: Black Sludge\n|-damage|p1a: Toxapex|69\/100 brn|[from] brn\n|upkeep\n|turn|22\n|l| AnimaticLunatic\n|\n|switch|p2a: reverse alembic|Magearna|100\/100\n|-damage|p2a: reverse alembic|94\/100|[from] Stealth Rock\n|move|p1a: Toxapex|Scald|p2a: reverse alembic\n|-crit|p2a: reverse alembic\n|-damage|p2a: reverse alembic|77\/100\n|\n|-damage|p1a: Toxapex|63\/100 brn|[from] brn\n|upkeep\n|turn|23\n|\n|move|p2a: reverse alembic|Calm Mind|p2a: reverse alembic\n|-boost|p2a: reverse alembic|spa|1\n|-boost|p2a: reverse alembic|spd|1\n|move|p1a: Toxapex|Toxic Spikes|p2a: reverse alembic\n|-sidestart|p2: A|move: Toxic Spikes\n|\n|-damage|p1a: Toxapex|56\/100 brn|[from] brn\n|upkeep\n|turn|24\n|\n|switch|p1a: Hippowdon|Hippowdon, F|100\/100\n|-damage|p1a: Hippowdon|94\/100|[from] Stealth Rock\n|move|p2a: reverse alembic|Stored Power|p1a: Hippowdon\n|-damage|p1a: Hippowdon|61\/100\n|\n|upkeep\n|turn|25\n|\n|move|p2a: reverse alembic|Iron Defense|p2a: reverse alembic\n|-boost|p2a: reverse alembic|def|2\n|move|p1a: Hippowdon|Whirlwind|p2a: reverse alembic\n|drag|p2a: cool laddy|Kommo-o, M|95\/100\n|-status|p2a: cool laddy|psn\n|-damage|p2a: cool laddy|89\/100 psn|[from] Stealth Rock\n|\n|-damage|p2a: cool laddy|76\/100 psn|[from] psn\n|upkeep\n|turn|26\n|\n|switch|p2a: lamer than me|Toxapex, F|100\/100\n|-sideend|p2: A|move: Toxic Spikes|[of] p2a: lamer than me\n|-damage|p2a: lamer than me|88\/100|[from] Stealth Rock\n|switch|p1a: Magearna|Magearna|67\/100 par\n|-damage|p1a: Magearna|61\/100 par|[from] Stealth Rock\n|\n|-heal|p2a: lamer than me|94\/100|[from] item: Black Sludge\n|upkeep\n|turn|27\n|\n|move|p2a: lamer than me|Knock Off|p1a: Magearna\n|-resisted|p1a: Magearna\n|-damage|p1a: Magearna|55\/100 par\n|-enditem|p1a: Magearna|Assault Vest|[from] move: Knock Off|[of] p2a: lamer than me\n|move|p1a: Magearna|Volt Switch|p2a: lamer than me\n|-supereffective|p2a: lamer than me\n|-crit|p2a: lamer than me\n|-damage|p2a: lamer than me|48\/100\n|\n|switch|p1a: Rotom|Rotom-Heat|56\/100 tox|[from]move: Volt Switch\n|\n|-heal|p2a: lamer than me|54\/100|[from] item: Black Sludge\n|-damage|p1a: Rotom|50\/100 tox|[from] psn\n|upkeep\n|turn|28\n|\n|switch|p1a: Urshifu|Urshifu, M|70\/100\n|-damage|p1a: Urshifu|64\/100|[from] Stealth Rock\n|switch|p2a: BEST GIRL|Chansey, F, shiny|66\/100\n|-damage|p2a: BEST GIRL|53\/100|[from] Stealth Rock\n|\n|upkeep\n|turn|29\n|j| d18l\n|\n|switch|p2a: reverse alembic|Magearna|77\/100\n|-damage|p2a: reverse alembic|71\/100|[from] Stealth Rock\n|move|p1a: Urshifu|Wicked Blow|p2a: reverse alembic\n|-resisted|p2a: reverse alembic\n|-crit|p2a: reverse alembic\n|-damage|p2a: reverse alembic|31\/100\n|\n|upkeep\n|turn|30\n|\n|switch|p2a: cool laddy|Kommo-o, M|76\/100 psn\n|-damage|p2a: cool laddy|70\/100 psn|[from] Stealth Rock\n|move|p1a: Urshifu|Wicked Blow|p2a: cool laddy\n|-resisted|p2a: cool laddy\n|-crit|p2a: cool laddy\n|-damage|p2a: cool laddy|40\/100 psn\n|-damage|p1a: Urshifu|47\/100|[from] item: Rocky Helmet|[of] p2a: cool laddy\n|\n|-damage|p2a: cool laddy|28\/100 psn|[from] psn\n|upkeep\n|turn|31\n|\n|switch|p2a: cancer|Urshifu, M, shiny|100\/100\n|-damage|p2a: cancer|94\/100|[from] Stealth Rock\n|move|p1a: Urshifu|Wicked Blow|p2a: cancer\n|-resisted|p2a: cancer\n|-crit|p2a: cancer\n|-damage|p2a: cancer|72\/100\n|\n|upkeep\n|turn|32\n|\n|switch|p1a: Toxapex|Toxapex, F|90\/100 brn\n|-damage|p1a: Toxapex|77\/100 brn|[from] Stealth Rock\n|move|p2a: cancer|Wicked Blow|p1a: Toxapex\n|-crit|p1a: Toxapex\n|-damage|p1a: Toxapex|0 fnt\n|faint|p1a: Toxapex\n|\n|upkeep\n|\n|switch|p1a: Hippowdon|Hippowdon, F|61\/100\n|-damage|p1a: Hippowdon|54\/100|[from] Stealth Rock\n|turn|33\n|\n|switch|p1a: Urshifu|Urshifu, M|47\/100\n|-damage|p1a: Urshifu|41\/100|[from] Stealth Rock\n|move|p2a: cancer|Wicked Blow|p1a: Urshifu\n|-resisted|p1a: Urshifu\n|-crit|p1a: Urshifu\n|-damage|p1a: Urshifu|16\/100\n|\n|upkeep\n|turn|34\n|\n|switch|p2a: gamer girl|Arcanine, F, shiny|97\/100\n|-ability|p2a: gamer girl|Intimidate|boost\n|-unboost|p1a: Urshifu|atk|1\n|move|p1a: Urshifu|Wicked Blow|p2a: gamer girl\n|-crit|p2a: gamer girl\n|-damage|p2a: gamer girl|30\/100\n|\n|upkeep\n|turn|35\n|\n|switch|p2a: cool laddy|Kommo-o, M|28\/100 psn\n|-damage|p2a: cool laddy|22\/100 psn|[from] Stealth Rock\n|move|p1a: Urshifu|Wicked Blow|p2a: cool laddy\n|-resisted|p2a: cool laddy\n|-crit|p2a: cool laddy\n|-damage|p2a: cool laddy|0 fnt\n|-damage|p1a: Urshifu|0 fnt|[from] item: Rocky Helmet|[of] p2a: cool laddy\n|faint|p2a: cool laddy\n|faint|p1a: Urshifu\n|\n|upkeep\n|\n|switch|p1a: Hippowdon|Hippowdon, F|54\/100\n|switch|p2a: cancer|Urshifu, M, shiny|72\/100\n|-damage|p2a: cancer|66\/100|[from] Stealth Rock\n|-damage|p1a: Hippowdon|48\/100|[from] Stealth Rock\n|turn|36\n|\n|move|p2a: cancer|Close Combat|p1a: Hippowdon\n|-damage|p1a: Hippowdon|3\/100\n|-unboost|p2a: cancer|def|1\n|-unboost|p2a: cancer|spd|1\n|-damage|p2a: cancer|50\/100|[from] item: Rocky Helmet|[of] p1a: Hippowdon\n|move|p1a: Hippowdon|Slack Off|p1a: Hippowdon\n|-heal|p1a: Hippowdon|53\/100\n|\n|upkeep\n|turn|37\n|\n|switch|p2a: lamer than me|Toxapex, F|87\/100\n|-damage|p2a: lamer than me|75\/100|[from] Stealth Rock\n|move|p1a: Hippowdon|Slack Off|p1a: Hippowdon\n|-heal|p1a: Hippowdon|100\/100\n|\n|-heal|p2a: lamer than me|81\/100|[from] item: Black Sludge\n|upkeep\n|turn|38\n|\n|switch|p1a: Magearna|Magearna|55\/100 par\n|-damage|p1a: Magearna|49\/100 par|[from] Stealth Rock\n|move|p2a: lamer than me|Toxic||[still]\n|-fail|p2a: lamer than me\n|\n|-heal|p2a: lamer than me|87\/100|[from] item: Black Sludge\n|upkeep\n|turn|39\n|\n|move|p2a: lamer than me|Recover|p2a: lamer than me\n|-heal|p2a: lamer than me|100\/100\n|move|p1a: Magearna|Volt Switch|p2a: lamer than me\n|-supereffective|p2a: lamer than me\n|-damage|p2a: lamer than me|68\/100\n|\n|switch|p1a: Rotom|Rotom-Heat|50\/100 tox|[from]move: Volt Switch\n|\n|-heal|p2a: lamer than me|74\/100|[from] item: Black Sludge\n|-damage|p1a: Rotom|44\/100 tox|[from] psn\n|upkeep\n|turn|40\n|\n|switch|p2a: BEST GIRL|Chansey, F, shiny|53\/100\n|-damage|p2a: BEST GIRL|41\/100|[from] Stealth Rock\n|move|p1a: Rotom|Nasty Plot|p1a: Rotom\n|-boost|p1a: Rotom|spa|2\n|\n|-damage|p1a: Rotom|33\/100 tox|[from] psn\n|upkeep\n|turn|41\n|\n|move|p1a: Rotom|Discharge|p2a: BEST GIRL\n|-damage|p2a: BEST GIRL|23\/100\n|move|p2a: BEST GIRL|Soft-Boiled|p2a: BEST GIRL\n|-heal|p2a: BEST GIRL|73\/100\n|\n|-damage|p1a: Rotom|15\/100 tox|[from] psn\n|upkeep\n|turn|42\n|\n|move|p1a: Rotom|Discharge|p2a: BEST GIRL\n|-damage|p2a: BEST GIRL|56\/100\n|move|p2a: BEST GIRL|Soft-Boiled|p2a: BEST GIRL\n|-heal|p2a: BEST GIRL|100\/100\n|\n|-damage|p1a: Rotom|0 fnt|[from] psn\n|faint|p1a: Rotom\n|upkeep\n|-message|chan da lure forfeited.\n|\n|win|A\n|l|\u2606chan da lure\n|c|\u2606A|good battle d18l\n|c| d18l|ye\n|l| titou39\n","uploadtime":1592734226,"views":69,"p1id":"chandalure","p2id":"a","formatid":"gen8ou","rating":0,"private":0,"password":null}