{"id":"gen8ou-1580440291","p1":"ZacBouh","p2":"Mutako Z","format":"gen8ou","log":"|j|\u2606ZacBouh\n|j|\u2606Mutako Z\n|t:|1653241036\n|gametype|singles\n|player|p1|ZacBouh|red|1530\n|player|p2|Mutako Z|cynthia-gen4|1557\n|teamsize|p1|6\n|teamsize|p2|6\n|gen|8\n|tier|[Gen 8] OU\n|rated|\n|rule|Sleep Clause Mod: Limit one foe put to sleep\n|rule|Species Clause: Limit one of each Pok\u00e9mon\n|rule|OHKO Clause: OHKO moves are banned\n|rule|Evasion Moves Clause: Evasion moves are banned\n|rule|Endless Battle Clause: Forcing endless battles is banned\n|rule|HP Percentage Mod: HP is shown in percentages\n|rule|Dynamax Clause: You cannot dynamax\n|clearpoke\n|poke|p1|Weavile, M|\n|poke|p1|Landorus-Therian, M|\n|poke|p1|Kartana|\n|poke|p1|Slowbro, F|\n|poke|p1|Ferrothorn, M|\n|poke|p1|Tyranitar, F|\n|poke|p2|Hippowdon, F|\n|poke|p2|Tapu Lele|\n|poke|p2|Excadrill, M|\n|poke|p2|Dracozolt|\n|poke|p2|Zapdos|\n|poke|p2|Quagsire, F|\n|teampreview\n|\n|t:|1653241045\n|start\n|switch|p1a: Weavile|Weavile, M|100\/100\n|switch|p2a: Quagsire|Quagsire, F|100\/100\n|-ability|p1a: Weavile|Pressure\n|turn|1\n|\n|t:|1653241052\n|move|p1a: Weavile|Beat Up|p2a: Quagsire\n|-damage|p2a: Quagsire|90\/100\n|-damage|p2a: Quagsire|79\/100\n|-crit|p2a: Quagsire\n|-damage|p2a: Quagsire|58\/100\n|-damage|p2a: Quagsire|50\/100\n|-damage|p2a: Quagsire|43\/100\n|-damage|p2a: Quagsire|32\/100\n|-hitcount|p2a: Quagsire|6\n|move|p2a: Quagsire|Scald|p1a: Weavile\n|-damage|p1a: Weavile|76\/100\n|\n|-heal|p2a: Quagsire|39\/100|[from] item: Leftovers\n|upkeep\n|turn|2\n|\n|t:|1653241064\n|switch|p2a: Zapdos|Zapdos|100\/100\n|move|p1a: Weavile|Beat Up|p2a: Zapdos\n|-crit|p2a: Zapdos\n|-damage|p2a: Zapdos|79\/100\n|-damage|p2a: Zapdos|63\/100\n|-crit|p2a: Zapdos\n|-damage|p2a: Zapdos|32\/100\n|-damage|p2a: Zapdos|22\/100\n|-damage|p2a: Zapdos|11\/100\n|-damage|p2a: Zapdos|0 fnt\n|faint|p2a: Zapdos\n|-hitcount|p2: Zapdos|6\n|\n|upkeep\n|\n|t:|1653241077\n|switch|p2a: Excadrill|Excadrill, M|100\/100\n|turn|3\n|\n|t:|1653241080\n|move|p1a: Weavile|Beat Up|p2a: Excadrill\n|-damage|p2a: Excadrill|80\/100\n|-damage|p2a: Excadrill|57\/100\n|-damage|p2a: Excadrill|30\/100\n|-damage|p2a: Excadrill|16\/100\n|-damage|p2a: Excadrill|0 fnt\n|faint|p2a: Excadrill\n|-hitcount|p2: Excadrill|5\n|\n|upkeep\n|\n|t:|1653241088\n|switch|p2a: Tapu Lele|Tapu Lele|100\/100\n|-fieldstart|move: Psychic Terrain|[from] ability: Psychic Surge|[of] p2a: Tapu Lele\n|turn|4\n|\n|t:|1653241096\n|switch|p2a: Dracozolt|Dracozolt|100\/100\n|move|p1a: Weavile|Beat Up|p2a: Dracozolt\n|-damage|p2a: Dracozolt|83\/100\n|-damage|p2a: Dracozolt|67\/100\n|-damage|p2a: Dracozolt|44\/100\n|-damage|p2a: Dracozolt|32\/100\n|-damage|p2a: Dracozolt|18\/100\n|-damage|p2a: Dracozolt|1\/100\n|-hitcount|p2a: Dracozolt|6\n|\n|upkeep\n|turn|5\n|-message|Mutako Z forfeited.\n|\n|win|ZacBouh\n|raw|ZacBouh's rating: 1530 &rarr; <strong>1552<\/strong><br \/>(+22 for winning)\n|raw|Mutako Z's rating: 1557 &rarr; <strong>1535<\/strong><br \/>(-22 for losing)\n|l|\u2606Mutako Z\n","uploadtime":1653241110,"views":11,"p1id":"zacbouh","p2id":"mutakoz","formatid":"gen8ou","rating":1535,"private":0,"password":null}