{"id":"gen8ou-1626975564","p1":"LT91BB Dasmer","p2":"JooshP","format":"gen8ou","log":"|raw|<div class=\"broadcast-blue\"><strong>This battle is required to be public due to a player having a name starting with 'lt91bb'.<\/div>\n|j|\u2606LT91BB Dasmer\n|j|\u2606JooshP\n|t:|1659001767\n|gametype|singles\n|player|p1|LT91BB Dasmer|rei|1844\n|player|p2|JooshP|red|1824\n|teamsize|p1|6\n|teamsize|p2|6\n|gen|8\n|tier|[Gen 8] OU\n|rated|\n|rule|Sleep Clause Mod: Limit one foe put to sleep\n|rule|Species Clause: Limit one of each Pok\u00e9mon\n|rule|OHKO Clause: OHKO moves are banned\n|rule|Evasion Moves Clause: Evasion moves are banned\n|rule|Endless Battle Clause: Forcing endless battles is banned\n|rule|HP Percentage Mod: HP is shown in percentages\n|rule|Dynamax Clause: You cannot dynamax\n|clearpoke\n|poke|p1|Buzzwole|\n|poke|p1|Weavile, M|\n|poke|p1|Heatran, F|\n|poke|p1|Ferrothorn, M|\n|poke|p1|Landorus-Therian, M|\n|poke|p1|Slowbro, F|\n|poke|p2|Porygon-Z|\n|poke|p2|Dragonite, F|\n|poke|p2|Landorus-Therian, M|\n|poke|p2|Tapu Fini|\n|poke|p2|Volcarona, M|\n|poke|p2|Ferrothorn, F|\n|teampreview\n|\n|t:|1659001792\n|start\n|switch|p1a: Fuel|Heatran, F|100\/100\n|switch|p2a: Tapu Fini|Tapu Fini|100\/100\n|-fieldstart|move: Misty Terrain|[from] ability: Misty Surge|[of] p2a: Tapu Fini\n|turn|1\n|\n|t:|1659001801\n|switch|p1a: WhiskyInTheJar|Slowbro, F|100\/100\n|move|p2a: Tapu Fini|Scald|p1a: WhiskyInTheJar\n|-resisted|p1a: WhiskyInTheJar\n|-damage|p1a: WhiskyInTheJar|88\/100\n|\n|upkeep\n|turn|2\n|\n|t:|1659001807\n|move|p2a: Tapu Fini|Taunt|p1a: WhiskyInTheJar\n|-start|p1a: WhiskyInTheJar|move: Taunt\n|move|p1a: WhiskyInTheJar|Future Sight|p2a: Tapu Fini\n|-start|p1a: WhiskyInTheJar|move: Future Sight\n|\n|upkeep\n|turn|3\n|\n|t:|1659001812\n|switch|p1a: Unforgiven|Ferrothorn, M|100\/100\n|move|p2a: Tapu Fini|Moonblast|p1a: Unforgiven\n|-resisted|p1a: Unforgiven\n|-damage|p1a: Unforgiven|90\/100\n|\n|-heal|p1a: Unforgiven|97\/100|[from] item: Leftovers\n|upkeep\n|turn|4\n|\n|t:|1659001817\n|switch|p2a: Ferrothorn|Ferrothorn, F|100\/100\n|move|p1a: Unforgiven|Spikes|p2a: Ferrothorn\n|-sidestart|p2: JooshP|Spikes\n|\n|-end|p2a: Ferrothorn|move: Future Sight\n|-resisted|p2a: Ferrothorn\n|-damage|p2a: Ferrothorn|84\/100\n|-heal|p1a: Unforgiven|100\/100|[from] item: Leftovers\n|-heal|p2a: Ferrothorn|91\/100|[from] item: Leftovers\n|upkeep\n|turn|5\n|j| LT91BB Indulge\n|\n|t:|1659001823\n|switch|p1a: EnterSandman|Buzzwole|100\/100\n|move|p2a: Ferrothorn|Spikes|p1a: EnterSandman\n|-sidestart|p1: LT91BB Dasmer|Spikes\n|\n|-heal|p2a: Ferrothorn|97\/100|[from] item: Leftovers\n|-fieldend|Misty Terrain\n|upkeep\n|turn|6\n|j| LT91BB Sicario\n|j| ClumsyClefable\n|\n|t:|1659001827\n|switch|p2a: Landorus|Landorus-Therian, M|100\/100\n|-ability|p2a: Landorus|Intimidate|boost\n|-unboost|p1a: EnterSandman|atk|1\n|move|p1a: EnterSandman|Thunder Punch|p2a: Landorus\n|-immune|p2a: Landorus\n|\n|upkeep\n|turn|7\n|l| LT91BB Sicario\n|j| antarctozolt\n|\n|t:|1659001838\n|move|p2a: Landorus|Knock Off|p1a: EnterSandman\n|-resisted|p1a: EnterSandman\n|-damage|p1a: EnterSandman|90\/100\n|-enditem|p1a: EnterSandman|Heavy-Duty Boots|[from] move: Knock Off|[of] p2a: Landorus\n|move|p1a: EnterSandman|Ice Punch|p2a: Landorus\n|-supereffective|p2a: Landorus\n|-damage|p2a: Landorus|41\/100\n|\n|-heal|p2a: Landorus|47\/100|[from] item: Leftovers\n|upkeep\n|turn|8\n|\n|t:|1659001855\n|move|p1a: EnterSandman|Ice Punch|p2a: Landorus\n|-supereffective|p2a: Landorus\n|-damage|p2a: Landorus|0 fnt\n|faint|p2a: Landorus\n|-ability|p1a: EnterSandman|Beast Boost|boost\n|-boost|p1a: EnterSandman|atk|1\n|\n|upkeep\n|\n|t:|1659001859\n|switch|p2a: Volcarona|Volcarona, M|100\/100\n|turn|9\n|\n|t:|1659001861\n|switch|p2a: Dragonite|Dragonite, F|100\/100\n|switch|p1a: Fuel|Heatran, F|100\/100\n|-damage|p1a: Fuel|88\/100|[from] Spikes\n|\n|-heal|p1a: Fuel|94\/100|[from] item: Leftovers\n|upkeep\n|turn|10\n|j| F3rrari450\n|\n|t:|1659001870\n|switch|p1a: WhiskyInTheJar|Slowbro, F|100\/100\n|move|p2a: Dragonite|Fire Punch|p1a: WhiskyInTheJar\n|-resisted|p1a: WhiskyInTheJar\n|-damage|p1a: WhiskyInTheJar|89\/100\n|-status|p1a: WhiskyInTheJar|brn\n|\n|-damage|p1a: WhiskyInTheJar|82\/100 brn|[from] brn\n|upkeep\n|turn|11\n|\n|t:|1659001876\n|switch|p2a: Tapu Fini|Tapu Fini|100\/100\n|-damage|p2a: Tapu Fini|88\/100|[from] Spikes\n|-fieldstart|move: Misty Terrain|[from] ability: Misty Surge|[of] p2a: Tapu Fini\n|move|p1a: WhiskyInTheJar|Future Sight|p2a: Tapu Fini\n|-start|p1a: WhiskyInTheJar|move: Future Sight\n|\n|-heal|p2a: Tapu Fini|94\/100|[from] item: Leftovers\n|-damage|p1a: WhiskyInTheJar|76\/100 brn|[from] brn\n|upkeep\n|turn|12\n|\n|t:|1659001882\n|switch|p1a: Unforgiven|Ferrothorn, M|100\/100\n|-damage|p1a: Unforgiven|88\/100|[from] Spikes\n|move|p2a: Tapu Fini|Moonblast|p1a: Unforgiven\n|-resisted|p1a: Unforgiven\n|-damage|p1a: Unforgiven|79\/100\n|\n|-heal|p2a: Tapu Fini|99\/100|[from] item: Leftovers\n|-heal|p1a: Unforgiven|85\/100|[from] item: Leftovers\n|upkeep\n|turn|13\n|\n|t:|1659001888\n|switch|p2a: Ferrothorn|Ferrothorn, F|97\/100\n|-damage|p2a: Ferrothorn|84\/100|[from] Spikes\n|move|p1a: Unforgiven|Knock Off|p2a: Ferrothorn\n|-damage|p2a: Ferrothorn|71\/100\n|-damage|p1a: Unforgiven|72\/100|[from] ability: Iron Barbs|[of] p2a: Ferrothorn\n|-enditem|p2a: Ferrothorn|Leftovers|[from] move: Knock Off|[of] p1a: Unforgiven\n|\n|-end|p2a: Ferrothorn|move: Future Sight\n|-resisted|p2a: Ferrothorn\n|-damage|p2a: Ferrothorn|53\/100\n|-heal|p1a: Unforgiven|79\/100|[from] item: Leftovers\n|upkeep\n|turn|14\n|\n|t:|1659001892\n|switch|p1a: EnterSandman|Buzzwole|90\/100\n|-damage|p1a: EnterSandman|77\/100|[from] Spikes\n|move|p2a: Ferrothorn|Knock Off|p1a: EnterSandman\n|-resisted|p1a: EnterSandman\n|-damage|p1a: EnterSandman|73\/100\n|\n|upkeep\n|turn|15\n|\n|t:|1659001896\n|switch|p2a: Tapu Fini|Tapu Fini|99\/100\n|-damage|p2a: Tapu Fini|88\/100|[from] Spikes\n|move|p1a: EnterSandman|Close Combat|p2a: Tapu Fini\n|-resisted|p2a: Tapu Fini\n|-damage|p2a: Tapu Fini|57\/100\n|-unboost|p1a: EnterSandman|def|1\n|-unboost|p1a: EnterSandman|spd|1\n|\n|-heal|p2a: Tapu Fini|64\/100|[from] item: Leftovers\n|-fieldend|Misty Terrain\n|upkeep\n|turn|16\n|\n|t:|1659001906\n|switch|p1a: WhiskyInTheJar|Slowbro, F|100\/100 brn\n|move|p2a: Tapu Fini|Scald|p1a: WhiskyInTheJar\n|-resisted|p1a: WhiskyInTheJar\n|-damage|p1a: WhiskyInTheJar|87\/100 brn\n|\n|-heal|p2a: Tapu Fini|70\/100|[from] item: Leftovers\n|-damage|p1a: WhiskyInTheJar|81\/100 brn|[from] brn\n|upkeep\n|turn|17\n|\n|t:|1659001911\n|switch|p2a: Porygon-Z|Porygon-Z|100\/100\n|-damage|p2a: Porygon-Z|88\/100|[from] Spikes\n|move|p1a: WhiskyInTheJar|Scald|p2a: Porygon-Z\n|-damage|p2a: Porygon-Z|51\/100\n|-status|p2a: Porygon-Z|brn\n|\n|-damage|p2a: Porygon-Z|45\/100 brn|[from] brn\n|-damage|p1a: WhiskyInTheJar|75\/100 brn|[from] brn\n|upkeep\n|turn|18\n|j| supahotnicememe\n|j| Barracades\n|j| Akany\n|\n|t:|1659001928\n|switch|p1a: EnterSandman|Buzzwole|73\/100\n|-damage|p1a: EnterSandman|61\/100|[from] Spikes\n|move|p2a: Porygon-Z|Nasty Plot|p2a: Porygon-Z\n|-boost|p2a: Porygon-Z|spa|2\n|\n|-damage|p2a: Porygon-Z|38\/100 brn|[from] brn\n|upkeep\n|turn|19\n|\n|t:|1659001931\n|move|p2a: Porygon-Z|Tri Attack|p1a: EnterSandman\n|-damage|p1a: EnterSandman|0 fnt\n|faint|p1a: EnterSandman\n|-damage|p2a: Porygon-Z|28\/100 brn|[from] item: Life Orb\n|\n|-damage|p2a: Porygon-Z|22\/100 brn|[from] brn\n|upkeep\n|\n|t:|1659001934\n|switch|p1a: One|Weavile, M|100\/100\n|-ability|p1a: One|Pressure\n|turn|20\n|j| Mimikyu Stardust\n|\n|t:|1659001938\n|switch|p2a: Ferrothorn|Ferrothorn, F|53\/100\n|-damage|p2a: Ferrothorn|40\/100|[from] Spikes\n|move|p1a: One|Knock Off|p2a: Ferrothorn\n|-damage|p2a: Ferrothorn|22\/100\n|-damage|p1a: One|88\/100|[from] ability: Iron Barbs|[of] p2a: Ferrothorn\n|\n|upkeep\n|turn|21\n|\n|t:|1659001948\n|switch|p1a: WhiskyInTheJar|Slowbro, F|100\/100 brn\n|move|p2a: Ferrothorn|Gyro Ball|p1a: WhiskyInTheJar\n|-resisted|p1a: WhiskyInTheJar\n|-damage|p1a: WhiskyInTheJar|97\/100 brn\n|\n|-damage|p1a: WhiskyInTheJar|91\/100 brn|[from] brn\n|upkeep\n|turn|22\n|\n|t:|1659001952\n|move|p2a: Ferrothorn|Knock Off|p1a: WhiskyInTheJar\n|-supereffective|p1a: WhiskyInTheJar\n|-damage|p1a: WhiskyInTheJar|67\/100 brn\n|-enditem|p1a: WhiskyInTheJar|Heavy-Duty Boots|[from] move: Knock Off|[of] p2a: Ferrothorn\n|move|p1a: WhiskyInTheJar|Teleport|p1a: WhiskyInTheJar\n|\n|t:|1659001953\n|switch|p1a: Fuel|Heatran, F|94\/100|[from]move: Teleport\n|-damage|p1a: Fuel|82\/100|[from] Spikes\n|\n|-heal|p1a: Fuel|88\/100|[from] item: Leftovers\n|upkeep\n|turn|23\n|\n|t:|1659001961\n|move|p1a: Fuel|Earth Power|p2a: Ferrothorn\n|-crit|p2a: Ferrothorn\n|-damage|p2a: Ferrothorn|0 fnt\n|faint|p2a: Ferrothorn\n|\n|-heal|p1a: Fuel|94\/100|[from] item: Leftovers\n|upkeep\n|\n|t:|1659001963\n|switch|p2a: Dragonite|Dragonite, F|100\/100\n|turn|24\n|\n|t:|1659001967\n|switch|p1a: Seek&Destroy|Landorus-Therian, M|100\/100\n|-ability|p1a: Seek&Destroy|Intimidate|boost\n|-unboost|p2a: Dragonite|atk|1\n|move|p2a: Dragonite|Outrage|p1a: Seek&Destroy\n|-damage|p1a: Seek&Destroy|38\/100\n|\n|-heal|p1a: Seek&Destroy|44\/100|[from] item: Leftovers\n|upkeep\n|turn|25\n|l| Barracades\n|\n|t:|1659001975\n|switch|p1a: WhiskyInTheJar|Slowbro, F|99\/100 brn\n|-damage|p1a: WhiskyInTheJar|88\/100 brn|[from] Spikes\n|move|p2a: Dragonite|Outrage|p1a: WhiskyInTheJar|[from]lockedmove\n|-damage|p1a: WhiskyInTheJar|44\/100 brn\n|-start|p2a: Dragonite|confusion|[fatigue]\n|\n|-damage|p1a: WhiskyInTheJar|38\/100 brn|[from] brn\n|upkeep\n|turn|26\n|\n|t:|1659001982\n|switch|p2a: Volcarona|Volcarona, M|100\/100\n|switch|p1a: Unforgiven|Ferrothorn, M|79\/100\n|-damage|p1a: Unforgiven|66\/100|[from] Spikes\n|\n|-heal|p1a: Unforgiven|72\/100|[from] item: Leftovers\n|upkeep\n|turn|27\n|\n|t:|1659001988\n|switch|p1a: Fuel|Heatran, F|94\/100\n|-damage|p1a: Fuel|81\/100|[from] Spikes\n|move|p2a: Volcarona|Flamethrower|p1a: Fuel\n|-start|p1a: Fuel|ability: Flash Fire\n|\n|-heal|p1a: Fuel|88\/100|[from] item: Leftovers\n|upkeep\n|turn|28\n|\n|t:|1659001992\n|switch|p2a: Tapu Fini|Tapu Fini|70\/100\n|-damage|p2a: Tapu Fini|57\/100|[from] Spikes\n|-fieldstart|move: Misty Terrain|[from] ability: Misty Surge|[of] p2a: Tapu Fini\n|move|p1a: Fuel|Magma Storm|p2a: Tapu Fini\n|-resisted|p2a: Tapu Fini\n|-damage|p2a: Tapu Fini|32\/100\n|-activate|p2a: Tapu Fini|move: Magma Storm|[of] p1a: Fuel\n|\n|-heal|p1a: Fuel|94\/100|[from] item: Leftovers\n|-heal|p2a: Tapu Fini|38\/100|[from] item: Leftovers\n|-damage|p2a: Tapu Fini|25\/100|[from] move: Magma Storm|[partiallytrapped]\n|upkeep\n|turn|29\n|\n|t:|1659001995\n|-end|p1a: Fuel|ability: Flash Fire|[silent]\n|switch|p1a: Unforgiven|Ferrothorn, M|72\/100\n|-damage|p1a: Unforgiven|60\/100|[from] Spikes\n|move|p2a: Tapu Fini|Scald|p1a: Unforgiven\n|-resisted|p1a: Unforgiven\n|-damage|p1a: Unforgiven|52\/100\n|\n|-heal|p2a: Tapu Fini|32\/100|[from] item: Leftovers\n|-heal|p1a: Unforgiven|58\/100|[from] item: Leftovers\n|-end|p2a: Tapu Fini|Magma Storm|[partiallytrapped]|[silent]\n|upkeep\n|turn|30\n|\n|t:|1659002015\n|move|p2a: Tapu Fini|Moonblast|p1a: Unforgiven\n|-resisted|p1a: Unforgiven\n|-damage|p1a: Unforgiven|49\/100\n|move|p1a: Unforgiven|Leech Seed|p2a: Tapu Fini\n|-start|p2a: Tapu Fini|move: Leech Seed\n|\n|-heal|p2a: Tapu Fini|38\/100|[from] item: Leftovers\n|-heal|p1a: Unforgiven|55\/100|[from] item: Leftovers\n|-damage|p2a: Tapu Fini|25\/100|[from] Leech Seed|[of] p1a: Unforgiven\n|-heal|p1a: Unforgiven|67\/100|[silent]\n|upkeep\n|turn|31\n|\n|t:|1659002019\n|switch|p2a: Volcarona|Volcarona, M|100\/100\n|move|p1a: Unforgiven|Knock Off|p2a: Volcarona\n|-damage|p2a: Volcarona|66\/100\n|-enditem|p2a: Volcarona|Heavy-Duty Boots|[from] move: Knock Off|[of] p1a: Unforgiven\n|\n|-heal|p1a: Unforgiven|73\/100|[from] item: Leftovers\n|upkeep\n|turn|32\n|\n|t:|1659002024\n|switch|p2a: Dragonite|Dragonite, F|100\/100\n|switch|p1a: Fuel|Heatran, F|94\/100\n|-damage|p1a: Fuel|81\/100|[from] Spikes\n|\n|-heal|p1a: Fuel|87\/100|[from] item: Leftovers\n|-fieldend|Misty Terrain\n|upkeep\n|turn|33\n|j| liiw\n|\n|t:|1659002031\n|switch|p1a: Seek&Destroy|Landorus-Therian, M|44\/100\n|-ability|p1a: Seek&Destroy|Intimidate|boost\n|-unboost|p2a: Dragonite|atk|1\n|move|p2a: Dragonite|Outrage|p1a: Seek&Destroy\n|-damage|p1a: Seek&Destroy|0 fnt\n|faint|p1a: Seek&Destroy\n|\n|upkeep\n|\n|t:|1659002034\n|switch|p1a: Unforgiven|Ferrothorn, M|73\/100\n|-damage|p1a: Unforgiven|61\/100|[from] Spikes\n|turn|34\n|\n|t:|1659002037\n|move|p2a: Dragonite|Outrage|p1a: Unforgiven|[from]lockedmove\n|-resisted|p1a: Unforgiven\n|-damage|p1a: Unforgiven|34\/100\n|-damage|p2a: Dragonite|88\/100|[from] ability: Iron Barbs|[of] p1a: Unforgiven\n|-start|p2a: Dragonite|confusion|[fatigue]\n|move|p1a: Unforgiven|Knock Off|p2a: Dragonite\n|-damage|p2a: Dragonite|66\/100\n|-enditem|p2a: Dragonite|Choice Band|[from] move: Knock Off|[of] p1a: Unforgiven\n|\n|-heal|p1a: Unforgiven|40\/100|[from] item: Leftovers\n|upkeep\n|turn|35\n|\n|t:|1659002045\n|switch|p2a: Porygon-Z|Porygon-Z|22\/100 brn\n|-damage|p2a: Porygon-Z|10\/100 brn|[from] Spikes\n|switch|p1a: WhiskyInTheJar|Slowbro, F|71\/100 brn\n|-damage|p1a: WhiskyInTheJar|59\/100 brn|[from] Spikes\n|\n|-damage|p2a: Porygon-Z|4\/100 brn|[from] brn\n|-damage|p1a: WhiskyInTheJar|53\/100 brn|[from] brn\n|upkeep\n|turn|36\n|\n|t:|1659002053\n|move|p2a: Porygon-Z|Hyper Beam|p1a: WhiskyInTheJar\n|-damage|p1a: WhiskyInTheJar|0 fnt\n|-mustrecharge|p2a: Porygon-Z\n|faint|p1a: WhiskyInTheJar\n|-damage|p2a: Porygon-Z|0 fnt|[from] item: Life Orb\n|faint|p2a: Porygon-Z\n|\n|upkeep\n|c|\u2606LT91BB Dasmer|missclick\n|\n|t:|1659002064\n|switch|p2a: Dragonite|Dragonite, F|66\/100\n|switch|p1a: One|Weavile, M|88\/100\n|-ability|p1a: One|Pressure\n|turn|37\n|\n|t:|1659002069\n|move|p2a: Dragonite|Extreme Speed|p1a: One\n|-damage|p1a: One|38\/100\n|move|p1a: One|Ice Shard|p2a: Dragonite\n|-supereffective|p2a: Dragonite\n|-damage|p2a: Dragonite|0 fnt\n|faint|p2a: Dragonite\n|\n|upkeep\n|c|\u2606JooshP|Didn\u2019t matter\n|c|\u2606JooshP|gg\n|\n|t:|1659002087\n|switch|p2a: Volcarona|Volcarona, M|66\/100\n|-damage|p2a: Volcarona|54\/100|[from] Spikes\n|turn|38\n|\n|t:|1659002091\n|switch|p1a: Fuel|Heatran, F|87\/100\n|-damage|p1a: Fuel|75\/100|[from] Spikes\n|move|p2a: Volcarona|Quiver Dance|p2a: Volcarona\n|-boost|p2a: Volcarona|spa|1\n|-boost|p2a: Volcarona|spd|1\n|-boost|p2a: Volcarona|spe|1\n|\n|-heal|p1a: Fuel|81\/100|[from] item: Leftovers\n|upkeep\n|turn|39\n|\n|t:|1659002092\n|move|p2a: Volcarona|Psychic|p1a: Fuel\n|-resisted|p1a: Fuel\n|-damage|p1a: Fuel|60\/100\n|move|p1a: Fuel|Taunt|p2a: Volcarona\n|-start|p2a: Volcarona|move: Taunt\n|\n|-heal|p1a: Fuel|66\/100|[from] item: Leftovers\n|upkeep\n|turn|40\n|\n|t:|1659002095\n|move|p2a: Volcarona|Psychic|p1a: Fuel\n|-resisted|p1a: Fuel\n|-damage|p1a: Fuel|43\/100\n|move|p1a: Fuel|Magma Storm|p2a: Volcarona\n|-damage|p2a: Volcarona|17\/100\n|-activate|p2a: Volcarona|move: Magma Storm|[of] p1a: Fuel\n|\n|-heal|p1a: Fuel|49\/100|[from] item: Leftovers\n|-damage|p2a: Volcarona|5\/100|[from] move: Magma Storm|[partiallytrapped]\n|upkeep\n|turn|41\n|\n|t:|1659002099\n|move|p2a: Volcarona|Psychic|p1a: Fuel\n|-resisted|p1a: Fuel\n|-damage|p1a: Fuel|27\/100\n|-unboost|p1a: Fuel|spd|1\n|move|p1a: Fuel|Earth Power|p2a: Volcarona\n|-damage|p2a: Volcarona|0 fnt\n|faint|p2a: Volcarona\n|\n|-heal|p1a: Fuel|33\/100|[from] item: Leftovers\n|upkeep\n|\n|t:|1659002101\n|switch|p2a: Tapu Fini|Tapu Fini|25\/100\n|-damage|p2a: Tapu Fini|13\/100|[from] Spikes\n|-fieldstart|move: Misty Terrain|[from] ability: Misty Surge|[of] p2a: Tapu Fini\n|turn|42\n|\n|t:|1659002103\n|move|p1a: Fuel|Earth Power|p2a: Tapu Fini\n|-damage|p2a: Tapu Fini|0 fnt\n|faint|p2a: Tapu Fini\n|\n|win|LT91BB Dasmer\n|raw|LT91BB Dasmer's rating: 1844 &rarr; <strong>1863<\/strong><br \/>(+19 for winning)\n|raw|JooshP's rating: 1824 &rarr; <strong>1805<\/strong><br \/>(-19 for losing)\n|l| Akany\n|j| egal\u2605vanc\n|l| F3rrari450\n|l|\u2606JooshP\n|l| egal\u2605vanc\n|l|\u2606LT91BB Dasmer\n|l| supahotnicememe\n||Ladder isn't responding, score probably updated but might not have (Request timeout).\n","uploadtime":1659002158,"views":67,"p1id":"lt91bbdasmer","p2id":"jooshp","formatid":"gen8ou","rating":1805,"private":0,"password":null}