{"id":"gen8ou-1636270155","p1":"LT92PF Gama","p2":"hypervortexreturns","format":"gen8ou","log":"|raw|<div class=\"broadcast-blue\"><strong>This battle is required to be public due to a player having a name starting with 'lt92pf'.<\/div>\n|j|\u2606LT92PF Gama\n|j|\u203dhypervortexreturns\n|t:|1660101646\n|gametype|singles\n|player|p1|LT92PF Gama|cynthia-masters|1849\n|player|p2|hypervortexreturns|1|1975\n|teamsize|p1|6\n|teamsize|p2|6\n|gen|8\n|tier|[Gen 8] OU\n|rated|\n|rule|Sleep Clause Mod: Limit one foe put to sleep\n|rule|Species Clause: Limit one of each Pok\u00e9mon\n|rule|OHKO Clause: OHKO moves are banned\n|rule|Evasion Items Clause: Evasion items are banned\n|rule|Evasion Moves Clause: Evasion moves are banned\n|rule|Endless Battle Clause: Forcing endless battles is banned\n|rule|HP Percentage Mod: HP is shown in percentages\n|rule|Dynamax Clause: You cannot dynamax\n|clearpoke\n|poke|p1|Toxapex, M|\n|poke|p1|Garchomp, F|\n|poke|p1|Clefable, M|\n|poke|p1|Landorus-Therian, M|\n|poke|p1|Tapu Fini|\n|poke|p1|Corviknight, F|\n|poke|p2|Hydreigon, M|\n|poke|p2|Zapdos|\n|poke|p2|Tangrowth, F|\n|poke|p2|Corviknight, F|\n|poke|p2|Excadrill, M|\n|poke|p2|Azumarill, M|\n|teampreview\n|j| goobermane\n|inactive|Battle timer is ON: inactive players will automatically lose when time's up. (requested by LT92PF Gama)\n|\n|t:|1660101673\n|start\n|switch|p1a: Clefable|Clefable, M|100\/100\n|switch|p2a: Tangrowth|Tangrowth, F|100\/100\n|turn|1\n|\n|t:|1660101683\n|move|p1a: Clefable|Knock Off|p2a: Tangrowth\n|-damage|p2a: Tangrowth|93\/100\n|-enditem|p2a: Tangrowth|Rocky Helmet|[from] move: Knock Off|[of] p1a: Clefable\n|move|p2a: Tangrowth|Sleep Powder|p1a: Clefable\n|-status|p1a: Clefable|slp|[from] move: Sleep Powder\n|\n|upkeep\n|turn|2\n|j| Heracrossed Up\n|\n|t:|1660101691\n|cant|p1a: Clefable|slp\n|move|p2a: Tangrowth|Knock Off|p1a: Clefable\n|-resisted|p1a: Clefable\n|-damage|p1a: Clefable|91\/100 slp\n|-enditem|p1a: Clefable|Leftovers|[from] move: Knock Off|[of] p2a: Tangrowth\n|\n|upkeep\n|turn|3\n|\n|t:|1660101702\n|switch|p2a: Azumarill|Azumarill, M|100\/100\n|-curestatus|p1a: Clefable|slp|[msg]\n|move|p1a: Clefable|Stealth Rock|p2a: Azumarill\n|-sidestart|p2: hypervortexreturns|move: Stealth Rock\n|\n|upkeep\n|turn|4\n|j| lt92pf sagordo\n|j| LT92PF Ayk\n|j| LT91BB Livio\n|j| Misterioussaint\n|inactive|LT92PF Gama has 120 seconds left.\n|\n|t:|1660101736\n|switch|p1a: Landorus|Landorus-Therian, M|100\/100\n|-ability|p1a: Landorus|Intimidate|boost\n|-unboost|p2a: Azumarill|atk|1\n|move|p2a: Azumarill|Belly Drum|p2a: Azumarill\n|-damage|p2a: Azumarill|50\/100\n|-setboost|p2a: Azumarill|atk|6|[from] move: Belly Drum\n|-enditem|p2a: Azumarill|Sitrus Berry|[eat]\n|-heal|p2a: Azumarill|75\/100|[from] item: Sitrus Berry\n|\n|upkeep\n|turn|5\n|inactive|LT92PF Gama has 120 seconds left.\n|l| LT92PF Ayk\n|inactive|LT92PF Gama has 90 seconds left.\n|j| wuqq\n|\n|t:|1660101790\n|switch|p1a: Clefable|Clefable, M|91\/100\n|move|p2a: Azumarill|Aqua Jet|p1a: Clefable\n|-damage|p1a: Clefable|0 fnt\n|faint|p1a: Clefable\n|\n|upkeep\n|\n|t:|1660101792\n|switch|p1a: Tapu Fini|Tapu Fini|100\/100\n|-fieldstart|move: Misty Terrain|[from] ability: Misty Surge|[of] p1a: Tapu Fini\n|turn|6\n|\n|t:|1660101804\n|move|p1a: Tapu Fini|Trick|p2a: Azumarill\n|-activate|p1a: Tapu Fini|move: Trick|[of] p2a: Azumarill\n|-item|p2a: Azumarill|Choice Scarf|[from] move: Trick\n|-enditem|p1a: Tapu Fini|Choice Scarf|[silent]|[from] move: Trick\n|move|p2a: Azumarill|Play Rough|p1a: Tapu Fini\n|-damage|p1a: Tapu Fini|0 fnt\n|faint|p1a: Tapu Fini\n|\n|upkeep\n|\n|t:|1660101810\n|switch|p1a: Toxapex|Toxapex, M|100\/100\n|turn|7\n|\n|t:|1660101815\n|move|p2a: Azumarill|Play Rough|p1a: Toxapex\n|-resisted|p1a: Toxapex\n|-damage|p1a: Toxapex|29\/100\n|move|p1a: Toxapex|Haze|p1a: Toxapex\n|-clearallboost\n|\n|-heal|p1a: Toxapex|35\/100|[from] item: Black Sludge\n|upkeep\n|turn|8\n|j|+AM\n|\n|t:|1660101844\n|switch|p2a: Excadrill|Excadrill, M|100\/100\n|-damage|p2a: Excadrill|97\/100|[from] Stealth Rock\n|move|p1a: Toxapex|Recover|p1a: Toxapex\n|-heal|p1a: Toxapex|85\/100\n|\n|-heal|p2a: Excadrill|100\/100|[from] item: Leftovers\n|-heal|p1a: Toxapex|91\/100|[from] item: Black Sludge\n|upkeep\n|turn|9\n|\n|t:|1660101855\n|move|p2a: Excadrill|Stealth Rock|p1a: Toxapex\n|-sidestart|p1: LT92PF Gama|move: Stealth Rock\n|move|p1a: Toxapex|Knock Off|p2a: Excadrill\n|-damage|p2a: Excadrill|79\/100\n|-enditem|p2a: Excadrill|Leftovers|[from] move: Knock Off|[of] p1a: Toxapex\n|\n|-heal|p1a: Toxapex|98\/100|[from] item: Black Sludge\n|upkeep\n|turn|10\n|\n|t:|1660101866\n|move|p2a: Excadrill|Earthquake|p1a: Toxapex\n|-supereffective|p1a: Toxapex\n|-damage|p1a: Toxapex|34\/100\n|move|p1a: Toxapex|Scald|p2a: Excadrill\n|-supereffective|p2a: Excadrill\n|-damage|p2a: Excadrill|32\/100\n|\n|-heal|p1a: Toxapex|41\/100|[from] item: Black Sludge\n|-fieldend|Misty Terrain\n|upkeep\n|turn|11\n|inactive|LT92PF Gama has 120 seconds left.\n|inactive|hypervortexreturns has 120 seconds left.\n|\n|t:|1660101892\n|switch|p2a: Zapdos|Zapdos|100\/100\n|switch|p1a: Corviknight|Corviknight, F|100\/100\n|-damage|p1a: Corviknight|88\/100|[from] Stealth Rock\n|-ability|p1a: Corviknight|Pressure\n|\n|-heal|p1a: Corviknight|94\/100|[from] item: Leftovers\n|upkeep\n|turn|12\n|inactive|LT92PF Gama has 120 seconds left.\n|\n|t:|1660101907\n|move|p2a: Zapdos|Toxic|p1a: Corviknight\n|-immune|p1a: Corviknight\n|move|p1a: Corviknight|Substitute|p1a: Corviknight\n|-start|p1a: Corviknight|Substitute\n|-damage|p1a: Corviknight|69\/100\n|\n|-heal|p1a: Corviknight|75\/100|[from] item: Leftovers\n|upkeep\n|turn|13\n|\n|t:|1660101916\n|move|p2a: Zapdos|Discharge|p1a: Corviknight\n|-supereffective|p1a: Corviknight\n|-end|p1a: Corviknight|Substitute\n|move|p1a: Corviknight|Substitute|p1a: Corviknight\n|-start|p1a: Corviknight|Substitute\n|-damage|p1a: Corviknight|50\/100\n|\n|-heal|p1a: Corviknight|57\/100|[from] item: Leftovers\n|upkeep\n|turn|14\n|inactive|hypervortexreturns has 120 seconds left.\n|\n|t:|1660101925\n|move|p2a: Zapdos|Discharge|p1a: Corviknight\n|-supereffective|p1a: Corviknight\n|-end|p1a: Corviknight|Substitute\n|move|p1a: Corviknight|Substitute|p1a: Corviknight\n|-start|p1a: Corviknight|Substitute\n|-damage|p1a: Corviknight|32\/100\n|\n|-heal|p1a: Corviknight|38\/100|[from] item: Leftovers\n|upkeep\n|turn|15\n|\n|t:|1660101937\n|move|p2a: Zapdos|Discharge|p1a: Corviknight\n|-supereffective|p1a: Corviknight\n|-end|p1a: Corviknight|Substitute\n|move|p1a: Corviknight|Roost|p1a: Corviknight\n|-heal|p1a: Corviknight|88\/100\n|-singleturn|p1a: Corviknight|move: Roost\n|\n|-heal|p1a: Corviknight|94\/100|[from] item: Leftovers\n|upkeep\n|turn|16\n|\n|t:|1660101947\n|switch|p1a: Landorus|Landorus-Therian, M|100\/100\n|-damage|p1a: Landorus|88\/100|[from] Stealth Rock\n|-ability|p1a: Landorus|Intimidate|boost\n|-unboost|p2a: Zapdos|atk|1\n|move|p2a: Zapdos|Discharge|p1a: Landorus\n|-immune|p1a: Landorus\n|\n|-heal|p1a: Landorus|94\/100|[from] item: Leftovers\n|upkeep\n|turn|17\n|inactive|hypervortexreturns has 120 seconds left.\n|\n|t:|1660101967\n|switch|p2a: Azumarill|Azumarill, M|75\/100\n|-damage|p2a: Azumarill|63\/100|[from] Stealth Rock\n|move|p1a: Landorus|Substitute|p1a: Landorus\n|-start|p1a: Landorus|Substitute\n|-damage|p1a: Landorus|69\/100\n|\n|-heal|p1a: Landorus|75\/100|[from] item: Leftovers\n|upkeep\n|turn|18\n|inactive|hypervortexreturns has 120 seconds left.\n|j| NDA Heatran\n|l| NDA Heatran\n|\n|t:|1660101983\n|move|p1a: Landorus|Earthquake|p2a: Azumarill\n|-damage|p2a: Azumarill|0 fnt\n|faint|p2a: Azumarill\n|\n|-heal|p1a: Landorus|81\/100|[from] item: Leftovers\n|upkeep\n|\n|t:|1660101993\n|switch|p2a: Hydreigon|Hydreigon, M|100\/100\n|-damage|p2a: Hydreigon|88\/100|[from] Stealth Rock\n|turn|19\n|\n|t:|1660101998\n|move|p2a: Hydreigon|Dark Pulse|p1a: Landorus\n|-end|p1a: Landorus|Substitute\n|move|p1a: Landorus|Toxic|p2a: Hydreigon\n|-status|p2a: Hydreigon|tox\n|\n|-heal|p2a: Hydreigon|94\/100 tox|[from] item: Leftovers\n|-heal|p1a: Landorus|88\/100|[from] item: Leftovers\n|-damage|p2a: Hydreigon|88\/100 tox|[from] psn\n|upkeep\n|turn|20\n|inactive|hypervortexreturns has 120 seconds left.\n|\n|t:|1660102018\n|switch|p1a: Corviknight|Corviknight, F|94\/100\n|-damage|p1a: Corviknight|82\/100|[from] Stealth Rock\n|-ability|p1a: Corviknight|Pressure\n|move|p2a: Hydreigon|Dark Pulse|p1a: Corviknight\n|-damage|p1a: Corviknight|57\/100\n|\n|-heal|p2a: Hydreigon|94\/100 tox|[from] item: Leftovers\n|-heal|p1a: Corviknight|63\/100|[from] item: Leftovers\n|-damage|p2a: Hydreigon|82\/100 tox|[from] psn\n|upkeep\n|turn|21\n|inactive|hypervortexreturns has 120 seconds left.\n|\n|t:|1660102035\n|switch|p2a: Zapdos|Zapdos|100\/100\n|move|p1a: Corviknight|Roost|p1a: Corviknight\n|-heal|p1a: Corviknight|100\/100\n|-singleturn|p1a: Corviknight|move: Roost\n|\n|upkeep\n|turn|22\n|\n|t:|1660102046\n|move|p2a: Zapdos|Discharge|p1a: Corviknight\n|-supereffective|p1a: Corviknight\n|-damage|p1a: Corviknight|49\/100\n|move|p1a: Corviknight|Substitute|p1a: Corviknight\n|-start|p1a: Corviknight|Substitute\n|-damage|p1a: Corviknight|24\/100\n|\n|-heal|p1a: Corviknight|30\/100|[from] item: Leftovers\n|upkeep\n|turn|23\n|\n|t:|1660102056\n|move|p2a: Zapdos|Discharge|p1a: Corviknight\n|-supereffective|p1a: Corviknight\n|-end|p1a: Corviknight|Substitute\n|move|p1a: Corviknight|Roost|p1a: Corviknight\n|-heal|p1a: Corviknight|80\/100\n|-singleturn|p1a: Corviknight|move: Roost\n|\n|-heal|p1a: Corviknight|86\/100|[from] item: Leftovers\n|upkeep\n|turn|24\n|inactive|hypervortexreturns has 120 seconds left.\n|\n|t:|1660102067\n|move|p2a: Zapdos|Discharge|p1a: Corviknight\n|-supereffective|p1a: Corviknight\n|-damage|p1a: Corviknight|32\/100\n|-status|p1a: Corviknight|par\n|cant|p1a: Corviknight|par\n|\n|-heal|p1a: Corviknight|39\/100 par|[from] item: Leftovers\n|upkeep\n|turn|25\n|inactive|hypervortexreturns has 120 seconds left.\n|\n|t:|1660102078\n|switch|p1a: Landorus|Landorus-Therian, M|88\/100\n|-damage|p1a: Landorus|75\/100|[from] Stealth Rock\n|-ability|p1a: Landorus|Intimidate|boost\n|-unboost|p2a: Zapdos|atk|1\n|move|p2a: Zapdos|Discharge|p1a: Landorus\n|-immune|p1a: Landorus\n|\n|-heal|p1a: Landorus|81\/100|[from] item: Leftovers\n|upkeep\n|turn|26\n|inactive|hypervortexreturns has 120 seconds left.\n|\n|t:|1660102090\n|move|p2a: Zapdos|Toxic|p1a: Landorus\n|-status|p1a: Landorus|tox\n|move|p1a: Landorus|Substitute|p1a: Landorus\n|-start|p1a: Landorus|Substitute\n|-damage|p1a: Landorus|56\/100 tox\n|\n|-heal|p1a: Landorus|62\/100 tox|[from] item: Leftovers\n|-damage|p1a: Landorus|56\/100 tox|[from] psn\n|upkeep\n|turn|27\n|inactive|hypervortexreturns has 120 seconds left.\n|\n|t:|1660102108\n|switch|p2a: Excadrill|Excadrill, M|32\/100\n|-damage|p2a: Excadrill|29\/100|[from] Stealth Rock\n|switch|p1a: Toxapex|Toxapex, M|74\/100\n|-damage|p1a: Toxapex|61\/100|[from] Stealth Rock\n|\n|-heal|p1a: Toxapex|68\/100|[from] item: Black Sludge\n|upkeep\n|turn|28\n|inactive|LT92PF Gama has 120 seconds left.\n|\n|t:|1660102140\n|move|p2a: Excadrill|Earthquake|p1a: Toxapex\n|-supereffective|p1a: Toxapex\n|-damage|p1a: Toxapex|0 fnt\n|faint|p1a: Toxapex\n|\n|upkeep\n|l| lt92pf sagordo\n|\n|t:|1660102144\n|switch|p1a: Garchomp|Garchomp, F|100\/100\n|-damage|p1a: Garchomp|94\/100|[from] Stealth Rock\n|turn|29\n|inactive|hypervortexreturns has 120 seconds left.\n|\n|t:|1660102149\n|move|p1a: Garchomp|Fire Fang|p2a: Excadrill\n|-supereffective|p2a: Excadrill\n|-damage|p2a: Excadrill|0 fnt\n|faint|p2a: Excadrill\n|\n|upkeep\n|inactive|hypervortexreturns has 120 seconds left.\n|l| goobermane\n|\n|t:|1660102162\n|switch|p2a: Tangrowth|Tangrowth, F|100\/100\n|-damage|p2a: Tangrowth|88\/100|[from] Stealth Rock\n|turn|30\n|\n|t:|1660102167\n|switch|p1a: Corviknight|Corviknight, F|39\/100 par\n|-damage|p1a: Corviknight|26\/100 par|[from] Stealth Rock\n|-ability|p1a: Corviknight|Pressure\n|move|p2a: Tangrowth|Sleep Powder||[still]\n|-fail|p2a: Tangrowth\n|\n|-heal|p1a: Corviknight|32\/100 par|[from] item: Leftovers\n|upkeep\n|turn|31\n|inactive|hypervortexreturns has 120 seconds left.\n|\n|t:|1660102185\n|move|p2a: Tangrowth|Knock Off|p1a: Corviknight\n|-damage|p1a: Corviknight|13\/100 par\n|-enditem|p1a: Corviknight|Leftovers|[from] move: Knock Off|[of] p2a: Tangrowth\n|move|p1a: Corviknight|Roost|p1a: Corviknight\n|-heal|p1a: Corviknight|63\/100 par\n|-singleturn|p1a: Corviknight|move: Roost\n|\n|upkeep\n|turn|32\n|inactive|hypervortexreturns has 120 seconds left.\n|\n|t:|1660102197\n|switch|p2a: Corviknight|Corviknight, F|100\/100\n|-damage|p2a: Corviknight|88\/100|[from] Stealth Rock\n|-ability|p2a: Corviknight|Pressure\n|move|p1a: Corviknight|Substitute|p1a: Corviknight\n|-start|p1a: Corviknight|Substitute\n|-damage|p1a: Corviknight|38\/100 par\n|\n|-heal|p2a: Corviknight|94\/100|[from] item: Leftovers\n|upkeep\n|turn|33\n|inactive|hypervortexreturns has 120 seconds left.\n|\n|t:|1660102209\n|move|p2a: Corviknight|Bulk Up|p2a: Corviknight\n|-boost|p2a: Corviknight|atk|1\n|-boost|p2a: Corviknight|def|1\n|cant|p1a: Corviknight|par\n|\n|-heal|p2a: Corviknight|100\/100|[from] item: Leftovers\n|upkeep\n|turn|34\n|\n|t:|1660102218\n|move|p2a: Corviknight|Bulk Up|p2a: Corviknight\n|-boost|p2a: Corviknight|atk|1\n|-boost|p2a: Corviknight|def|1\n|cant|p1a: Corviknight|par\n|\n|upkeep\n|turn|35\n|\n|t:|1660102224\n|move|p2a: Corviknight|Bulk Up|p2a: Corviknight\n|-boost|p2a: Corviknight|atk|1\n|-boost|p2a: Corviknight|def|1\n|cant|p1a: Corviknight|par\n|\n|upkeep\n|turn|36\n|\n|t:|1660102232\n|move|p2a: Corviknight|Bulk Up|p2a: Corviknight\n|-boost|p2a: Corviknight|atk|1\n|-boost|p2a: Corviknight|def|1\n|move|p1a: Corviknight|Roost|p1a: Corviknight\n|-heal|p1a: Corviknight|88\/100 par\n|-singleturn|p1a: Corviknight|move: Roost\n|\n|upkeep\n|turn|37\n|\n|t:|1660102245\n|move|p2a: Corviknight|Bulk Up|p2a: Corviknight\n|-boost|p2a: Corviknight|atk|1\n|-boost|p2a: Corviknight|def|1\n|move|p1a: Corviknight|Bulk Up|p1a: Corviknight\n|-boost|p1a: Corviknight|atk|1\n|-boost|p1a: Corviknight|def|1\n|\n|upkeep\n|turn|38\n|\n|t:|1660102255\n|move|p2a: Corviknight|Taunt|p1a: Corviknight\n|-start|p1a: Corviknight|move: Taunt\n|cant|p1a: Corviknight|move: Taunt|Bulk Up\n|\n|upkeep\n|turn|39\n|\n|t:|1660102263\n|move|p2a: Corviknight|Bulk Up|p2a: Corviknight\n|-boost|p2a: Corviknight|atk|1\n|-boost|p2a: Corviknight|def|1\n|cant|p1a: Corviknight|par\n|\n|upkeep\n|turn|40\n|\n|t:|1660102270\n|move|p2a: Corviknight|Bulk Up|p2a: Corviknight\n|-boost|p2a: Corviknight|atk|0\n|-boost|p2a: Corviknight|def|0\n|move|p1a: Corviknight|Brave Bird|p2a: Corviknight\n|-resisted|p2a: Corviknight\n|-damage|p2a: Corviknight|95\/100\n|-damage|p1a: Corviknight|86\/100 par|[from] Recoil\n|\n|-heal|p2a: Corviknight|100\/100|[from] item: Leftovers\n|-end|p1a: Corviknight|move: Taunt\n|upkeep\n|turn|41\n|\n|t:|1660102283\n|move|p2a: Corviknight|Taunt|p1a: Corviknight\n|-start|p1a: Corviknight|move: Taunt\n|cant|p1a: Corviknight|move: Taunt|Bulk Up\n|\n|upkeep\n|turn|42\n|\n|t:|1660102289\n|move|p2a: Corviknight|Bulk Up|p2a: Corviknight\n|-boost|p2a: Corviknight|atk|0\n|-boost|p2a: Corviknight|def|0\n|move|p1a: Corviknight|Brave Bird|p2a: Corviknight\n|-resisted|p2a: Corviknight\n|-damage|p2a: Corviknight|95\/100\n|-damage|p1a: Corviknight|84\/100 par|[from] Recoil\n|\n|-heal|p2a: Corviknight|100\/100|[from] item: Leftovers\n|upkeep\n|turn|43\n|\n|t:|1660102300\n|switch|p1a: Landorus|Landorus-Therian, M|56\/100 tox\n|-damage|p1a: Landorus|44\/100 tox|[from] Stealth Rock\n|-ability|p1a: Landorus|Intimidate|boost\n|-unboost|p2a: Corviknight|atk|1\n|move|p2a: Corviknight|Bulk Up|p2a: Corviknight\n|-boost|p2a: Corviknight|atk|1\n|-boost|p2a: Corviknight|def|0\n|\n|-heal|p1a: Landorus|50\/100 tox|[from] item: Leftovers\n|-damage|p1a: Landorus|44\/100 tox|[from] psn\n|upkeep\n|turn|44\n|\n|t:|1660102313\n|move|p1a: Landorus|Smack Down|p2a: Corviknight\n|-damage|p2a: Corviknight|97\/100\n|-start|p2a: Corviknight|Smack Down\n|move|p2a: Corviknight|Brave Bird|p1a: Landorus\n|-damage|p1a: Landorus|0 fnt\n|faint|p1a: Landorus\n|-damage|p2a: Corviknight|85\/100|[from] Recoil\n|\n|-heal|p2a: Corviknight|91\/100|[from] item: Leftovers\n|upkeep\n|\n|t:|1660102315\n|switch|p1a: Garchomp|Garchomp, F|94\/100\n|-damage|p1a: Garchomp|88\/100|[from] Stealth Rock\n|turn|45\n|\n|t:|1660102327\n|move|p1a: Garchomp|Fire Fang|p2a: Corviknight\n|-supereffective|p2a: Corviknight\n|-crit|p2a: Corviknight\n|-damage|p2a: Corviknight|9\/100\n|move|p2a: Corviknight|Brave Bird|p1a: Garchomp\n|-damage|p1a: Garchomp|0 fnt\n|-damage|p2a: Corviknight|0 fnt|[from] ability: Rough Skin|[of] p1a: Garchomp\n|faint|p1a: Garchomp\n|faint|p2a: Corviknight\n|\n|upkeep\n|j| Asurya SNAKE\n|c|\u2606LT92PF Gama|Almost\n|-message|LT92PF Gama forfeited.\n|\n|win|hypervortexreturns\n|raw|LT92PF Gama's rating: 1849 &rarr; <strong>1836<\/strong><br \/>(-13 for losing)\n|raw|hypervortexreturns's rating: 1975 &rarr; <strong>1988<\/strong><br \/>(+13 for winning)\n|l|\u2606LT92PF Gama\n|l| Asurya SNAKE\n|l|+AM\n|l| LT91BB Livio\n||Ladder isn't responding, score probably updated but might not have (Request timeout).\n|l| wuqq\n|l|\u203dhypervortexreturns\n","uploadtime":1660102386,"views":103,"p1id":"lt92pfgama","p2id":"hypervortexreturns","formatid":"gen8ou","rating":1836,"private":0,"password":null}