{"id":"gen8ou-1617052092","p1":"drag me in","p2":"JooshP","format":"gen8ou","log":"|j|\u2606drag me in\n|j|\u2606JooshP\n|t:|1657797480\n|gametype|singles\n|player|p1|drag me in|169|1582\n|player|p2|JooshP|red|1740\n|teamsize|p1|6\n|teamsize|p2|6\n|gen|8\n|tier|[Gen 8] OU\n|rated|\n|rule|Sleep Clause Mod: Limit one foe put to sleep\n|rule|Species Clause: Limit one of each Pok\u00e9mon\n|rule|OHKO Clause: OHKO moves are banned\n|rule|Evasion Moves Clause: Evasion moves are banned\n|rule|Endless Battle Clause: Forcing endless battles is banned\n|rule|HP Percentage Mod: HP is shown in percentages\n|rule|Dynamax Clause: You cannot dynamax\n|clearpoke\n|poke|p1|Tapu Lele|\n|poke|p1|Tyranitar, F|\n|poke|p1|Zapdos|\n|poke|p1|Buzzwole|\n|poke|p1|Ferrothorn, M|\n|poke|p1|Seismitoad, F|\n|poke|p2|Toxapex, F|\n|poke|p2|Zapdos|\n|poke|p2|Celesteela|\n|poke|p2|Blacephalon|\n|poke|p2|Hippowdon, F|\n|poke|p2|Garchomp, M|\n|teampreview\n|j| flachfisch\n|inactive|Battle timer is ON: inactive players will automatically lose when time's up. (requested by JooshP)\n|\n|t:|1657797536\n|start\n|switch|p1a: Tapu Lele|Tapu Lele|100\/100\n|switch|p2a: Blacephalon|Blacephalon|100\/100\n|-fieldstart|move: Psychic Terrain|[from] ability: Psychic Surge|[of] p1a: Tapu Lele\n|turn|1\n|\n|t:|1657797552\n|switch|p1a: Tyranitar|Tyranitar, F|100\/100\n|-weather|Sandstorm|[from] ability: Sand Stream|[of] p1a: Tyranitar\n|switch|p2a: Celesteela|Celesteela|100\/100\n|\n|-weather|Sandstorm|[upkeep]\n|upkeep\n|turn|2\n|\n|t:|1657797571\n|switch|p1a: Zapdos|Zapdos|100\/100\n|move|p2a: Celesteela|Heavy Slam|p1a: Zapdos\n|-resisted|p1a: Zapdos\n|-damage|p1a: Zapdos|74\/100\n|-status|p2a: Celesteela|par|[from] ability: Static|[of] p1a: Zapdos\n|\n|-weather|Sandstorm|[upkeep]\n|-damage|p1a: Zapdos|68\/100|[from] Sandstorm\n|upkeep\n|turn|3\n|\n|t:|1657797578\n|switch|p1a: Seismitoad|Seismitoad, F|100\/100\n|move|p2a: Celesteela|Stone Edge|p1a: Seismitoad|[miss]\n|-miss|p2a: Celesteela|p1a: Seismitoad\n|\n|-weather|Sandstorm|[upkeep]\n|upkeep\n|turn|4\n|\n|t:|1657797582\n|switch|p2a: Toxapex|Toxapex, F|100\/100\n|move|p1a: Seismitoad|Stealth Rock|p2a: Toxapex\n|-sidestart|p2: JooshP|move: Stealth Rock\n|\n|-weather|Sandstorm|[upkeep]\n|-damage|p2a: Toxapex|94\/100|[from] Sandstorm\n|-heal|p2a: Toxapex|100\/100|[from] item: Black Sludge\n|upkeep\n|turn|5\n|\n|t:|1657797585\n|move|p1a: Seismitoad|Earthquake|p2a: Toxapex\n|-supereffective|p2a: Toxapex\n|-damage|p2a: Toxapex|49\/100\n|move|p2a: Toxapex|Toxic|p1a: Seismitoad\n|-status|p1a: Seismitoad|tox\n|\n|-weather|none\n|-heal|p2a: Toxapex|55\/100|[from] item: Black Sludge\n|-damage|p1a: Seismitoad|94\/100 tox|[from] psn\n|-fieldend|move: Psychic Terrain\n|upkeep\n|turn|6\n|\n|t:|1657797596\n|switch|p2a: Celesteela|Celesteela|100\/100 par\n|-damage|p2a: Celesteela|88\/100 par|[from] Stealth Rock\n|move|p1a: Seismitoad|Liquidation|p2a: Celesteela\n|-damage|p2a: Celesteela|58\/100 par\n|-unboost|p2a: Celesteela|def|1\n|\n|-heal|p1a: Seismitoad|100\/100 tox|[from] item: Leftovers\n|-damage|p1a: Seismitoad|88\/100 tox|[from] psn\n|upkeep\n|turn|7\n|\n|t:|1657797605\n|switch|p1a: Tapu Lele|Tapu Lele|100\/100\n|-fieldstart|move: Psychic Terrain|[from] ability: Psychic Surge|[of] p1a: Tapu Lele\n|switch|p2a: Toxapex|Toxapex, F|89\/100\n|-damage|p2a: Toxapex|76\/100|[from] Stealth Rock\n|\n|-heal|p2a: Toxapex|82\/100|[from] item: Black Sludge\n|upkeep\n|turn|8\n|\n|t:|1657797615\n|switch|p2a: Celesteela|Celesteela|58\/100 par\n|-damage|p2a: Celesteela|45\/100 par|[from] Stealth Rock\n|move|p1a: Tapu Lele|Psyshock|p2a: Celesteela\n|-resisted|p2a: Celesteela\n|-damage|p2a: Celesteela|18\/100 par\n|\n|upkeep\n|turn|9\n|\n|t:|1657797619\n|move|p1a: Tapu Lele|Psyshock|p2a: Celesteela\n|-resisted|p2a: Celesteela\n|-damage|p2a: Celesteela|0 fnt\n|faint|p2a: Celesteela\n|\n|upkeep\n|\n|t:|1657797625\n|switch|p2a: Zapdos|Zapdos|100\/100\n|turn|10\n|\n|t:|1657797633\n|switch|p1a: Seismitoad|Seismitoad, F|88\/100 tox\n|move|p2a: Zapdos|Discharge|p1a: Seismitoad\n|-immune|p1a: Seismitoad\n|\n|-heal|p1a: Seismitoad|94\/100 tox|[from] item: Leftovers\n|-damage|p1a: Seismitoad|88\/100 tox|[from] psn\n|upkeep\n|turn|11\n|\n|t:|1657797640\n|switch|p2a: Toxapex|Toxapex, F|100\/100\n|-damage|p2a: Toxapex|88\/100|[from] Stealth Rock\n|switch|p1a: Tapu Lele|Tapu Lele|100\/100\n|\n|-heal|p2a: Toxapex|94\/100|[from] item: Black Sludge\n|-fieldend|move: Psychic Terrain\n|upkeep\n|turn|12\n|\n|t:|1657797648\n|move|p1a: Tapu Lele|Psyshock|p2a: Toxapex\n|-supereffective|p2a: Toxapex\n|-damage|p2a: Toxapex|34\/100\n|move|p2a: Toxapex|Toxic|p1a: Tapu Lele\n|-status|p1a: Tapu Lele|tox\n|\n|-heal|p2a: Toxapex|41\/100|[from] item: Black Sludge\n|-damage|p1a: Tapu Lele|94\/100 tox|[from] psn\n|upkeep\n|turn|13\n|\n|t:|1657797655\n|switch|p2a: Zapdos|Zapdos|100\/100\n|move|p1a: Tapu Lele|Psyshock|p2a: Zapdos\n|-damage|p2a: Zapdos|64\/100\n|\n|-damage|p1a: Tapu Lele|82\/100 tox|[from] psn\n|upkeep\n|turn|14\n|\n|t:|1657797663\n|move|p1a: Tapu Lele|Moonblast|p2a: Zapdos\n|-damage|p2a: Zapdos|14\/100\n|-unboost|p2a: Zapdos|spa|1\n|move|p2a: Zapdos|Roost|p2a: Zapdos\n|-heal|p2a: Zapdos|64\/100\n|-singleturn|p2a: Zapdos|move: Roost\n|\n|-damage|p1a: Tapu Lele|64\/100 tox|[from] psn\n|upkeep\n|turn|15\n|\n|t:|1657797671\n|switch|p1a: Tyranitar|Tyranitar, F|100\/100\n|-weather|Sandstorm|[from] ability: Sand Stream|[of] p1a: Tyranitar\n|move|p2a: Zapdos|Roost|p2a: Zapdos\n|-heal|p2a: Zapdos|100\/100\n|-singleturn|p2a: Zapdos|move: Roost\n|\n|-weather|Sandstorm|[upkeep]\n|-damage|p2a: Zapdos|94\/100|[from] Sandstorm\n|upkeep\n|turn|16\n|\n|t:|1657797681\n|switch|p2a: Hippowdon|Hippowdon, F|100\/100\n|-damage|p2a: Hippowdon|94\/100|[from] Stealth Rock\n|move|p1a: Tyranitar|Crunch|p2a: Hippowdon\n|-damage|p2a: Hippowdon|42\/100\n|-unboost|p2a: Hippowdon|def|1\n|\n|-weather|Sandstorm|[upkeep]\n|-heal|p2a: Hippowdon|48\/100|[from] item: Leftovers\n|upkeep\n|turn|17\n|\n|t:|1657797686\n|move|p1a: Tyranitar|Crunch|p2a: Hippowdon\n|-damage|p2a: Hippowdon|0 fnt\n|faint|p2a: Hippowdon\n|\n|-weather|Sandstorm|[upkeep]\n|upkeep\n|\n|t:|1657797690\n|switch|p2a: Garchomp|Garchomp, M|100\/100\n|-damage|p2a: Garchomp|94\/100|[from] Stealth Rock\n|turn|18\n|j| TuereselXokas\n|j| simplegent\n|\n|t:|1657797701\n|switch|p2a: Blacephalon|Blacephalon|100\/100\n|-damage|p2a: Blacephalon|76\/100|[from] Stealth Rock\n|switch|p1a: Buzzwole|Buzzwole|100\/100\n|\n|-weather|Sandstorm|[upkeep]\n|-damage|p2a: Blacephalon|70\/100|[from] Sandstorm\n|-damage|p1a: Buzzwole|94\/100|[from] Sandstorm\n|upkeep\n|turn|19\n|\n|t:|1657797708\n|switch|p1a: Tyranitar|Tyranitar, F|100\/100\n|move|p2a: Blacephalon|Flamethrower|p1a: Tyranitar\n|-resisted|p1a: Tyranitar\n|-damage|p1a: Tyranitar|73\/100\n|\n|-weather|none\n|upkeep\n|turn|20\n|\n|t:|1657797719\n|move|p2a: Blacephalon|Flamethrower|p1a: Tyranitar\n|-resisted|p1a: Tyranitar\n|-damage|p1a: Tyranitar|32\/100\n|move|p1a: Tyranitar|Crunch|p2a: Blacephalon\n|-supereffective|p2a: Blacephalon\n|-damage|p2a: Blacephalon|0 fnt\n|faint|p2a: Blacephalon\n|\n|upkeep\n|\n|t:|1657797725\n|switch|p2a: Garchomp|Garchomp, M|94\/100\n|-damage|p2a: Garchomp|88\/100|[from] Stealth Rock\n|turn|21\n|\n|t:|1657797732\n|switch|p1a: Buzzwole|Buzzwole|94\/100\n|move|p2a: Garchomp|Earthquake|p1a: Buzzwole\n|-resisted|p1a: Buzzwole\n|-damage|p1a: Buzzwole|81\/100\n|\n|upkeep\n|turn|22\n|\n|t:|1657797741\n|switch|p2a: Toxapex|Toxapex, F|74\/100\n|-damage|p2a: Toxapex|61\/100|[from] Stealth Rock\n|move|p1a: Buzzwole|Ice Punch|p2a: Toxapex\n|-resisted|p2a: Toxapex\n|-damage|p2a: Toxapex|55\/100\n|\n|-heal|p2a: Toxapex|61\/100|[from] item: Black Sludge\n|upkeep\n|turn|23\n|\n|t:|1657797752\n|switch|p1a: Ferrothorn|Ferrothorn, M|100\/100\n|move|p2a: Toxapex|Knock Off|p1a: Ferrothorn\n|-damage|p1a: Ferrothorn|91\/100\n|-damage|p2a: Toxapex|49\/100|[from] ability: Iron Barbs|[of] p1a: Ferrothorn\n|-enditem|p1a: Ferrothorn|Leftovers|[from] move: Knock Off|[of] p2a: Toxapex\n|\n|-heal|p2a: Toxapex|55\/100|[from] item: Black Sludge\n|upkeep\n|turn|24\n|\n|t:|1657797758\n|switch|p2a: Zapdos|Zapdos|94\/100\n|move|p1a: Ferrothorn|Knock Off|p2a: Zapdos\n|-damage|p2a: Zapdos|79\/100\n|-enditem|p2a: Zapdos|Heavy-Duty Boots|[from] move: Knock Off|[of] p1a: Ferrothorn\n|\n|upkeep\n|turn|25\n|\n|t:|1657797765\n|switch|p1a: Seismitoad|Seismitoad, F|88\/100 tox\n|move|p2a: Zapdos|Defog|p1a: Seismitoad\n|-unboost|p1a: Seismitoad|evasion|1\n|-sideend|p2: JooshP|Stealth Rock|[from] move: Defog|[of] p2a: Zapdos\n|\n|-heal|p1a: Seismitoad|94\/100 tox|[from] item: Leftovers\n|-damage|p1a: Seismitoad|88\/100 tox|[from] psn\n|upkeep\n|turn|26\n|\n|t:|1657797773\n|move|p2a: Zapdos|Hurricane|p1a: Seismitoad\n|-damage|p1a: Seismitoad|37\/100 tox\n|-start|p1a: Seismitoad|confusion\n|-activate|p1a: Seismitoad|confusion\n|-damage|p1a: Seismitoad|24\/100 tox|[from] confusion\n|\n|-heal|p1a: Seismitoad|30\/100 tox|[from] item: Leftovers\n|-damage|p1a: Seismitoad|18\/100 tox|[from] psn\n|upkeep\n|turn|27\n|\n|t:|1657797783\n|switch|p1a: Zapdos|Zapdos|68\/100\n|move|p2a: Zapdos|Hurricane|p1a: Zapdos\n|-resisted|p1a: Zapdos\n|-damage|p1a: Zapdos|53\/100\n|\n|upkeep\n|turn|28\n|\n|t:|1657797789\n|move|p2a: Zapdos|Discharge|p1a: Zapdos\n|-damage|p1a: Zapdos|30\/100\n|move|p1a: Zapdos|Roost|p1a: Zapdos\n|-heal|p1a: Zapdos|80\/100\n|-singleturn|p1a: Zapdos|move: Roost\n|\n|upkeep\n|turn|29\n|\n|t:|1657797792\n|switch|p2a: Garchomp|Garchomp, M|88\/100\n|move|p1a: Zapdos|Volt Switch|p2a: Garchomp\n|-immune|p2a: Garchomp\n|\n|upkeep\n|turn|30\n|\n|t:|1657797796\n|switch|p1a: Buzzwole|Buzzwole|81\/100\n|move|p2a: Garchomp|Stone Edge|p1a: Buzzwole|[miss]\n|-miss|p2a: Garchomp|p1a: Buzzwole\n|\n|upkeep\n|turn|31\n|\n|t:|1657797800\n|switch|p2a: Toxapex|Toxapex, F|88\/100\n|switch|p1a: Tapu Lele|Tapu Lele|64\/100 tox\n|-fieldstart|move: Psychic Terrain|[from] ability: Psychic Surge|[of] p1a: Tapu Lele\n|\n|-heal|p2a: Toxapex|94\/100|[from] item: Black Sludge\n|-damage|p1a: Tapu Lele|58\/100 tox|[from] psn\n|upkeep\n|turn|32\n|\n|t:|1657797803\n|switch|p2a: Zapdos|Zapdos|79\/100\n|move|p1a: Tapu Lele|Psyshock|p2a: Zapdos\n|-crit|p2a: Zapdos\n|-damage|p2a: Zapdos|5\/100\n|\n|-damage|p1a: Tapu Lele|46\/100 tox|[from] psn\n|upkeep\n|turn|33\n|\n|t:|1657797809\n|move|p1a: Tapu Lele|Psyshock|p2a: Zapdos\n|-damage|p2a: Zapdos|0 fnt\n|faint|p2a: Zapdos\n|\n|-damage|p1a: Tapu Lele|28\/100 tox|[from] psn\n|upkeep\n|\n|t:|1657797812\n|switch|p2a: Garchomp|Garchomp, M|88\/100\n|turn|34\n|\n|t:|1657797815\n|switch|p1a: Buzzwole|Buzzwole|81\/100\n|move|p2a: Garchomp|Stone Edge|p1a: Buzzwole\n|-damage|p1a: Buzzwole|63\/100\n|\n|upkeep\n|turn|35\n|\n|t:|1657797823\n|move|p2a: Garchomp|Stone Edge|p1a: Buzzwole\n|-damage|p1a: Buzzwole|46\/100\n|move|p1a: Buzzwole|Ice Punch|p2a: Garchomp\n|-supereffective|p2a: Garchomp\n|-crit|p2a: Garchomp\n|-damage|p2a: Garchomp|0 fnt\n|-damage|p1a: Buzzwole|34\/100|[from] ability: Rough Skin|[of] p2a: Garchomp\n|faint|p2a: Garchomp\n|-ability|p1a: Buzzwole|Beast Boost|boost\n|-boost|p1a: Buzzwole|def|1\n|\n|-fieldend|move: Psychic Terrain\n|upkeep\n|-message|JooshP forfeited.\n|\n|win|drag me in\n|raw|drag me in's rating: 1582 &rarr; <strong>1611<\/strong><br \/>(+29 for winning)\n|raw|JooshP's rating: 1740 &rarr; <strong>1711<\/strong><br \/>(-29 for losing)\n|l|\u2606JooshP\n","uploadtime":1657797837,"views":41,"p1id":"dragmein","p2id":"jooshp","formatid":"gen8ou","rating":1611,"private":0,"password":null}