{"id":"gen8ou-1348166524","p1":"Infernoss","p2":"friedfreak","format":"gen8ou","log":"|j|\u2606Infernoss\n|j|\u2606friedfreak\n|t:|1622090633\n|gametype|singles\n|player|p1|Infernoss|blue|1773\n|player|p2|friedfreak|266|1879\n|teamsize|p1|6\n|teamsize|p2|6\n|gen|8\n|tier|[Gen 8] OU\n|rated|\n|rule|Sleep Clause Mod: Limit one foe put to sleep\n|rule|Species Clause: Limit one of each Pok\u00e9mon\n|rule|OHKO Clause: OHKO moves are banned\n|rule|Evasion Moves Clause: Evasion moves are banned\n|rule|Endless Battle Clause: Forcing endless battles is banned\n|rule|HP Percentage Mod: HP is shown in percentages\n|rule|Dynamax Clause: You cannot dynamax\n|clearpoke\n|poke|p1|Slowbro, M|\n|poke|p1|Hatterene, F|\n|poke|p1|Garchomp, M|\n|poke|p1|Marowak-Alola, F|\n|poke|p1|Ferrothorn, M|\n|poke|p1|Drampa, M|\n|poke|p2|Urshifu-*, M|\n|poke|p2|Slowbro, M|\n|poke|p2|Corviknight, F|\n|poke|p2|Dragapult, F|\n|poke|p2|Landorus-Therian, M|\n|poke|p2|Bisharp, M|\n|teampreview\n|inactive|Battle timer is ON: inactive players will automatically lose when time's up. (requested by friedfreak)\n|\n|t:|1622090651\n|start\n|switch|p1a: Sonso|Slowbro, M|100\/100\n|switch|p2a: Slowbro|Slowbro, M|100\/100\n|turn|1\n|\n|t:|1622090657\n|move|p1a: Sonso|Scald|p2a: Slowbro\n|-resisted|p2a: Slowbro\n|-damage|p2a: Slowbro|86\/100\n|move|p2a: Slowbro|Future Sight|p1a: Sonso\n|-start|p2a: Slowbro|move: Future Sight\n|\n|upkeep\n|turn|2\n|\n|t:|1622090663\n|move|p2a: Slowbro|Teleport|p2a: Slowbro\n|\n|t:|1622090672\n|switch|p2a: Dragapult|Dragapult, F|100\/100|[from]move: Teleport\n|move|p1a: Sonso|Trick Room|p1a: Sonso\n|-fieldstart|move: Trick Room|[of] p1a: Sonso\n|\n|upkeep\n|turn|3\n|\n|t:|1622090685\n|switch|p1a: Thorns|Ferrothorn, M|100\/100\n|move|p2a: Dragapult|Shadow Ball|p1a: Thorns\n|-damage|p1a: Thorns|65\/100\n|\n|-end|p1a: Thorns|move: Future Sight\n|-resisted|p1a: Thorns\n|-damage|p1a: Thorns|52\/100\n|-heal|p1a: Thorns|58\/100|[from] item: Leftovers\n|upkeep\n|turn|4\n|\n|t:|1622090700\n|switch|p2a: Slowbro|Slowbro, M|100\/100\n|move|p1a: Thorns|Stealth Rock|p2a: Slowbro\n|-sidestart|p2: friedfreak|move: Stealth Rock\n|\n|-heal|p1a: Thorns|64\/100|[from] item: Leftovers\n|upkeep\n|turn|5\n|\n|t:|1622090710\n|move|p1a: Thorns|Power Whip|p2a: Slowbro\n|-supereffective|p2a: Slowbro\n|-damage|p2a: Slowbro|53\/100\n|move|p2a: Slowbro|Teleport|p2a: Slowbro\n|j| ILikeMudkips4\n|\n|t:|1622090719\n|switch|p2a: Landorus|Landorus-Therian, M|100\/100|[from]move: Teleport\n|-damage|p2a: Landorus|88\/100|[from] Stealth Rock\n|-ability|p2a: Landorus|Intimidate|boost\n|-unboost|p1a: Thorns|atk|1\n|\n|-heal|p1a: Thorns|71\/100|[from] item: Leftovers\n|-heal|p2a: Landorus|94\/100|[from] item: Leftovers\n|upkeep\n|turn|6\n|\n|t:|1622090728\n|move|p1a: Thorns|Leech Seed|p2a: Landorus\n|-start|p2a: Landorus|move: Leech Seed\n|move|p2a: Landorus|Knock Off|p1a: Thorns\n|-damage|p1a: Thorns|47\/100\n|-damage|p2a: Landorus|82\/100|[from] ability: Iron Barbs|[of] p1a: Thorns\n|-enditem|p1a: Thorns|Leftovers|[from] move: Knock Off|[of] p2a: Landorus\n|\n|-heal|p2a: Landorus|88\/100|[from] item: Leftovers\n|-damage|p2a: Landorus|76\/100|[from] Leech Seed|[of] p1a: Thorns\n|-heal|p1a: Thorns|60\/100|[silent]\n|-fieldend|move: Trick Room\n|upkeep\n|turn|7\n|\n|t:|1622090739\n|switch|p2a: Slowbro|Slowbro, M|87\/100\n|switch|p1a: Sonso|Slowbro, M|100\/100\n|\n|upkeep\n|turn|8\n|\n|t:|1622090752\n|move|p2a: Slowbro|Future Sight|p1a: Sonso\n|-start|p2a: Slowbro|move: Future Sight\n|move|p1a: Sonso|Trick Room|p1a: Sonso\n|-fieldstart|move: Trick Room|[of] p1a: Sonso\n|\n|upkeep\n|turn|9\n|\n|t:|1622090757\n|switch|p1a: Falco|Drampa, M|100\/100\n|move|p2a: Slowbro|Teleport|p2a: Slowbro\n|inactive|friedfreak has 120 seconds left.\n|\n|t:|1622090795\n|switch|p2a: Corviknight|Corviknight, F|100\/100|[from]move: Teleport\n|-damage|p2a: Corviknight|88\/100|[from] Stealth Rock\n|-ability|p2a: Corviknight|Pressure\n|\n|-heal|p2a: Corviknight|94\/100|[from] item: Leftovers\n|upkeep\n|turn|10\n|inactive|friedfreak has 120 seconds left.\n|\n|t:|1622090806\n|move|p1a: Falco|Thunderbolt|p2a: Corviknight\n|-supereffective|p2a: Corviknight\n|-damage|p2a: Corviknight|32\/100\n|-status|p2a: Corviknight|par\n|-damage|p1a: Falco|90\/100|[from] item: Life Orb\n|move|p2a: Corviknight|Defog|p1a: Falco\n|-unboost|p1a: Falco|evasion|1\n|-sideend|p2: friedfreak|Stealth Rock|[from] move: Defog|[of] p2a: Corviknight\n|\n|-end|p1a: Falco|move: Future Sight\n|-damage|p1a: Falco|49\/100\n|-ability|p1a: Falco|Berserk|boost\n|-boost|p1a: Falco|spa|1\n|-heal|p2a: Corviknight|38\/100 par|[from] item: Leftovers\n|upkeep\n|turn|11\n|inactive|friedfreak has 120 seconds left.\n|\n|t:|1622090818\n|move|p1a: Falco|Hyper Voice|p2a: Corviknight\n|-resisted|p2a: Corviknight\n|-damage|p2a: Corviknight|1\/100 par\n|-damage|p1a: Falco|39\/100|[from] item: Life Orb\n|cant|p2a: Corviknight|par\n|\n|-heal|p2a: Corviknight|7\/100 par|[from] item: Leftovers\n|upkeep\n|turn|12\n|\n|t:|1622090826\n|move|p1a: Falco|Thunderbolt|p2a: Corviknight\n|-supereffective|p2a: Corviknight\n|-damage|p2a: Corviknight|0 fnt\n|faint|p2a: Corviknight\n|-damage|p1a: Falco|29\/100|[from] item: Life Orb\n|\n|-fieldend|move: Trick Room\n|upkeep\n|inactive|friedfreak has 120 seconds left.\n|\n|t:|1622090839\n|switch|p2a: Dragapult|Dragapult, F|100\/100\n|turn|13\n|\n|t:|1622090851\n|switch|p1a: Thorns|Ferrothorn, M|60\/100\n|move|p2a: Dragapult|Shadow Ball|p1a: Thorns\n|-damage|p1a: Thorns|28\/100\n|-unboost|p1a: Thorns|spd|1\n|\n|upkeep\n|turn|14\n|\n|t:|1622090858\n|switch|p1a: Falco|Drampa, M|29\/100\n|move|p2a: Dragapult|Shadow Ball|p1a: Falco\n|-immune|p1a: Falco\n|\n|upkeep\n|turn|15\n|\n|t:|1622090881\n|switch|p2a: Landorus|Landorus-Therian, M|76\/100\n|-ability|p2a: Landorus|Intimidate|boost\n|-unboost|p1a: Falco|atk|1\n|move|p1a: Falco|Roost|p1a: Falco\n|-heal|p1a: Falco|79\/100\n|-singleturn|p1a: Falco|move: Roost\n|\n|-heal|p2a: Landorus|82\/100|[from] item: Leftovers\n|upkeep\n|turn|16\n|\n|t:|1622090892\n|move|p2a: Landorus|Earthquake|p1a: Falco\n|-damage|p1a: Falco|27\/100\n|-ability|p1a: Falco|Berserk|boost\n|-boost|p1a: Falco|spa|1\n|move|p1a: Falco|Hyper Voice|p2a: Landorus\n|-damage|p2a: Landorus|0 fnt\n|faint|p2a: Landorus\n|-damage|p1a: Falco|17\/100|[from] item: Life Orb\n|\n|upkeep\n|\n|t:|1622090897\n|switch|p2a: Urshifu|Urshifu-Rapid-Strike, M|100\/100\n|turn|17\n|\n|t:|1622090905\n|switch|p1a: Sonso|Slowbro, M|100\/100\n|move|p2a: Urshifu|U-turn|p1a: Sonso\n|-supereffective|p1a: Sonso\n|-damage|p1a: Sonso|58\/100\n|\n|t:|1622090922\n|switch|p2a: Bisharp|Bisharp, M|100\/100|[from]move: U-turn\n|\n|upkeep\n|turn|18\n|\n|t:|1622090926\n|move|p2a: Bisharp|Knock Off|p1a: Sonso\n|-supereffective|p1a: Sonso\n|-enditem|p1a: Sonso|Colbur Berry|[eat]\n|-enditem|p1a: Sonso|Colbur Berry|[weaken]\n|-damage|p1a: Sonso|12\/100\n|move|p1a: Sonso|Body Press|p2a: Bisharp\n|-supereffective|p2a: Bisharp\n|-damage|p2a: Bisharp|0 fnt\n|faint|p2a: Bisharp\n|\n|upkeep\n|\n|t:|1622090932\n|switch|p2a: Urshifu|Urshifu-Rapid-Strike, M|100\/100\n|turn|19\n|\n|t:|1622090940\n|switch|p1a: Thorns|Ferrothorn, M|28\/100\n|move|p2a: Urshifu|U-turn|p1a: Thorns\n|-damage|p1a: Thorns|0 fnt\n|-damage|p2a: Urshifu|88\/100|[from] ability: Iron Barbs|[of] p1a: Thorns\n|faint|p1a: Thorns\n|\n|t:|1622090945\n|switch|p2a: Dragapult|Dragapult, F|100\/100|[from]move: U-turn\n|\n|upkeep\n|\n|t:|1622090950\n|switch|p1a: Gorra|Hatterene, F|100\/100\n|turn|20\n|\n|t:|1622090955\n|move|p2a: Dragapult|Shadow Ball|p1a: Gorra\n|-supereffective|p1a: Gorra\n|-crit|p1a: Gorra\n|-enditem|p1a: Gorra|Kasib Berry|[eat]\n|-enditem|p1a: Gorra|Kasib Berry|[weaken]\n|-damage|p1a: Gorra|36\/100\n|move|p1a: Gorra|Draining Kiss|p2a: Dragapult\n|-supereffective|p2a: Dragapult\n|-crit|p2a: Dragapult\n|-damage|p2a: Dragapult|3\/100\n|-heal|p1a: Gorra|100\/100|[from] drain|[of] p2a: Dragapult\n|\n|upkeep\n|turn|21\n|\n|t:|1622090969\n|move|p2a: Dragapult|Shadow Ball|p1a: Gorra\n|-supereffective|p1a: Gorra\n|-damage|p1a: Gorra|17\/100\n|move|p1a: Gorra|Trick Room|p1a: Gorra\n|-fieldstart|move: Trick Room|[of] p1a: Gorra\n|\n|upkeep\n|turn|22\n|\n|t:|1622090975\n|switch|p2a: Slowbro|Slowbro, M|100\/100\n|move|p1a: Gorra|Healing Wish|p1a: Gorra\n|faint|p1a: Gorra\n|\n|upkeep\n|\n|t:|1622090980\n|switch|p1a: Falco|Drampa, M|17\/100\n|-heal|p1a: Falco|100\/100|[from] move: Healing Wish\n|turn|23\n|\n|t:|1622090987\n|move|p2a: Slowbro|Slack Off||[still]\n|-fail|p2a: Slowbro|heal\n|move|p1a: Falco|Thunderbolt|p2a: Slowbro\n|-supereffective|p2a: Slowbro\n|-damage|p2a: Slowbro|11\/100\n|-damage|p1a: Falco|90\/100|[from] item: Life Orb\n|\n|upkeep\n|turn|24\n|j| i lik8 cats\n|\n|t:|1622091010\n|move|p2a: Slowbro|Future Sight|p1a: Falco\n|-start|p2a: Slowbro|move: Future Sight\n|move|p1a: Falco|Thunderbolt|p2a: Slowbro\n|-supereffective|p2a: Slowbro\n|-damage|p2a: Slowbro|0 fnt\n|faint|p2a: Slowbro\n|-damage|p1a: Falco|80\/100|[from] item: Life Orb\n|\n|upkeep\n|j| Invincii\n|\n|t:|1622091020\n|switch|p2a: Dragapult|Dragapult, F|3\/100\n|turn|25\n|\n|t:|1622091027\n|move|p1a: Falco|Thunderbolt|p2a: Dragapult\n|-resisted|p2a: Dragapult\n|-damage|p2a: Dragapult|0 fnt\n|faint|p2a: Dragapult\n|-damage|p1a: Falco|70\/100|[from] item: Life Orb\n|\n|-fieldend|move: Trick Room\n|upkeep\n|\n|t:|1622091029\n|switch|p2a: Urshifu|Urshifu-Rapid-Strike, M|88\/100\n|turn|26\n|\n|t:|1622091046\n|switch|p1a: Billy B.|Marowak-Alola, F|100\/100\n|move|p2a: Urshifu|Surging Strikes|p1a: Billy B.\n|-supereffective|p1a: Billy B.\n|-crit|p1a: Billy B.\n|-damage|p1a: Billy B.|44\/100\n|-supereffective|p1a: Billy B.\n|-crit|p1a: Billy B.\n|-damage|p1a: Billy B.|0 fnt\n|faint|p1a: Billy B.\n|-hitcount|p1: Billy B.|2\n|\n|-hint|Future Sight did not hit because the target is fainted.\n|upkeep\n|\n|t:|1622091058\n|switch|p1a: Sonso|Slowbro, M|45\/100\n|turn|27\n|\n|t:|1622091061\n|move|p2a: Urshifu|Surging Strikes|p1a: Sonso\n|-resisted|p1a: Sonso\n|-crit|p1a: Sonso\n|-damage|p1a: Sonso|36\/100\n|-resisted|p1a: Sonso\n|-crit|p1a: Sonso\n|-damage|p1a: Sonso|27\/100\n|-resisted|p1a: Sonso\n|-crit|p1a: Sonso\n|-damage|p1a: Sonso|19\/100\n|-hitcount|p1a: Sonso|3\n|move|p1a: Sonso|Slack Off|p1a: Sonso\n|-heal|p1a: Sonso|69\/100\n|\n|upkeep\n|turn|28\n|-message|friedfreak forfeited.\n|\n|win|Infernoss\n|raw|Infernoss's rating: 1773 &rarr; <strong>1799<\/strong><br \/>(+26 for winning)\n|raw|friedfreak's rating: 1879 &rarr; <strong>1853<\/strong><br \/>(-26 for losing)\n|l|\u2606friedfreak\n","uploadtime":1622091078,"views":35,"p1id":"infernoss","p2id":"friedfreak","formatid":"gen8ou","rating":1799,"private":0,"password":null}