{"id":"gen8ou-1626304456","p1":"LT91BB gostop","p2":"antarctozolt","format":"gen8ou","log":"|raw|<div class=\"broadcast-blue\"><strong>This battle is required to be public due to a player having a name starting with 'lt91bb'.<\/div>\n|j|\u2606LT91BB gostop\n|j|\u2606antarctozolt\n|t:|1658923436\n|gametype|singles\n|player|p1|LT91BB gostop|lucas|1647\n|player|p2|antarctozolt|skier|1859\n|teamsize|p1|6\n|teamsize|p2|6\n|gen|8\n|tier|[Gen 8] OU\n|rated|\n|rule|Sleep Clause Mod: Limit one foe put to sleep\n|rule|Species Clause: Limit one of each Pok\u00e9mon\n|rule|OHKO Clause: OHKO moves are banned\n|rule|Evasion Moves Clause: Evasion moves are banned\n|rule|Endless Battle Clause: Forcing endless battles is banned\n|rule|HP Percentage Mod: HP is shown in percentages\n|rule|Dynamax Clause: You cannot dynamax\n|clearpoke\n|poke|p1|Slowking-Galar, F|\n|poke|p1|Garchomp, M|\n|poke|p1|Buzzwole|\n|poke|p1|Weavile, M|\n|poke|p1|Corviknight, M|\n|poke|p1|Slowbro, M|\n|poke|p2|Barraskewda, F|\n|poke|p2|Ferrothorn, F|\n|poke|p2|Pelipper, M|\n|poke|p2|Thundurus-Therian, M|\n|poke|p2|Landorus-Therian, M|\n|poke|p2|Crawdaunt, M|\n|teampreview\n|j| LT91BB AlI\n|\n|t:|1658923473\n|start\n|switch|p1a: Buzzwole|Buzzwole|100\/100\n|switch|p2a: Crawdaunt|Crawdaunt, M, shiny|100\/100\n|turn|1\n|j| LT91BB Mimi\n|j| The last dice game\n|\n|t:|1658923493\n|switch|p2a: Pelipper|Pelipper, M, shiny|100\/100\n|-weather|RainDance|[from] ability: Drizzle|[of] p2a: Pelipper\n|move|p1a: Buzzwole|Close Combat|p2a: Pelipper\n|-resisted|p2a: Pelipper\n|-damage|p2a: Pelipper|66\/100\n|-unboost|p1a: Buzzwole|def|1\n|-unboost|p1a: Buzzwole|spd|1\n|\n|-weather|RainDance|[upkeep]\n|upkeep\n|turn|2\n|j| Coach Jones 6fifth\n|\n|t:|1658923500\n|switch|p2a: Thundurus|Thundurus-Therian, M, shiny|100\/100\n|move|p1a: Buzzwole|Close Combat|p2a: Thundurus\n|-resisted|p2a: Thundurus\n|-damage|p2a: Thundurus|49\/100\n|-unboost|p1a: Buzzwole|def|1\n|-unboost|p1a: Buzzwole|spd|1\n|\n|-weather|RainDance|[upkeep]\n|upkeep\n|turn|3\n|\n|t:|1658923512\n|switch|p1a: Garchomp|Garchomp, M|100\/100\n|move|p2a: Thundurus|Weather Ball|p1a: Garchomp\n|-damage|p1a: Garchomp|47\/100\n|\n|-weather|RainDance|[upkeep]\n|-heal|p1a: Garchomp|54\/100|[from] item: Leftovers\n|upkeep\n|turn|4\n|\n|t:|1658923518\n|move|p1a: Garchomp|Protect|p1a: Garchomp\n|-singleturn|p1a: Garchomp|Protect\n|move|p2a: Thundurus|Weather Ball|p1a: Garchomp\n|-activate|p1a: Garchomp|move: Protect\n|\n|-weather|RainDance|[upkeep]\n|-heal|p1a: Garchomp|60\/100|[from] item: Leftovers\n|upkeep\n|turn|5\n|j| Fluffeluff\n|j| LT91BBYoruVelaNoxx\n|j| Trognon\n|\n|t:|1658923625\n|move|p2a: Thundurus|Weather Ball|p1a: Garchomp\n|-damage|p1a: Garchomp|11\/100\n|move|p1a: Garchomp|Stealth Rock|p2a: Thundurus\n|-sidestart|p2: antarctozolt|move: Stealth Rock\n|\n|-weather|RainDance|[upkeep]\n|-heal|p1a: Garchomp|17\/100|[from] item: Leftovers\n|upkeep\n|turn|6\n|j| LT91BB Tun\n|\n|t:|1658923633\n|switch|p1a: Slowbro|Slowbro, M|100\/100\n|move|p2a: Thundurus|Weather Ball|p1a: Slowbro\n|-resisted|p1a: Slowbro\n|-damage|p1a: Slowbro|81\/100\n|\n|-weather|RainDance|[upkeep]\n|upkeep\n|turn|7\n|\n|t:|1658923636\n|switch|p1a: Garchomp|Garchomp, M|17\/100\n|move|p2a: Thundurus|Volt Switch|p1a: Garchomp\n|-immune|p1a: Garchomp\n|\n|-weather|RainDance|[upkeep]\n|-heal|p1a: Garchomp|23\/100|[from] item: Leftovers\n|upkeep\n|turn|8\n|\n|t:|1658923644\n|switch|p2a: Landorus|Landorus-Therian, M, shiny|100\/100\n|-damage|p2a: Landorus|88\/100|[from] Stealth Rock\n|-ability|p2a: Landorus|Intimidate|boost\n|-unboost|p1a: Garchomp|atk|1\n|move|p1a: Garchomp|Protect||[still]\n|-fail|p1a: Garchomp\n|\n|-weather|none\n|-heal|p1a: Garchomp|29\/100|[from] item: Leftovers\n|-heal|p2a: Landorus|94\/100|[from] item: Leftovers\n|upkeep\n|turn|9\n|\n|t:|1658923652\n|move|p1a: Garchomp|Toxic|p2a: Landorus\n|-status|p2a: Landorus|tox\n|move|p2a: Landorus|Defog|p1a: Garchomp\n|-unboost|p1a: Garchomp|evasion|1\n|-sideend|p2: antarctozolt|Stealth Rock|[from] move: Defog|[of] p2a: Landorus\n|\n|-heal|p1a: Garchomp|35\/100|[from] item: Leftovers\n|-heal|p2a: Landorus|99\/100 tox|[from] item: Leftovers\n|-damage|p2a: Landorus|94\/100 tox|[from] psn\n|upkeep\n|turn|10\n|\n|t:|1658923662\n|move|p1a: Garchomp|Stealth Rock|p2a: Landorus\n|-sidestart|p2: antarctozolt|move: Stealth Rock\n|move|p2a: Landorus|Earthquake|p1a: Garchomp\n|-damage|p1a: Garchomp|0 fnt\n|faint|p1a: Garchomp\n|\n|-heal|p2a: Landorus|99\/100 tox|[from] item: Leftovers\n|-damage|p2a: Landorus|88\/100 tox|[from] psn\n|upkeep\n|\n|t:|1658923670\n|switch|p1a: Weavile|Weavile, M|100\/100\n|-ability|p1a: Weavile|Pressure\n|turn|11\n|\n|t:|1658923678\n|switch|p2a: Ferrothorn|Ferrothorn, F, shiny|100\/100\n|-damage|p2a: Ferrothorn|94\/100|[from] Stealth Rock\n|move|p1a: Weavile|Triple Axel|p2a: Ferrothorn\n|-damage|p2a: Ferrothorn|85\/100\n|-damage|p1a: Weavile|88\/100|[from] ability: Iron Barbs|[of] p2a: Ferrothorn\n|-damage|p2a: Ferrothorn|65\/100\n|-damage|p1a: Weavile|76\/100|[from] ability: Iron Barbs|[of] p2a: Ferrothorn\n|-damage|p2a: Ferrothorn|38\/100\n|-damage|p1a: Weavile|63\/100|[from] ability: Iron Barbs|[of] p2a: Ferrothorn\n|-hitcount|p2a: Ferrothorn|3\n|\n|-heal|p2a: Ferrothorn|45\/100|[from] item: Leftovers\n|upkeep\n|turn|12\n|l| Coach Jones 6fifth\n|\n|t:|1658923692\n|move|p1a: Weavile|Triple Axel|p2a: Ferrothorn\n|-damage|p2a: Ferrothorn|34\/100\n|-damage|p1a: Weavile|51\/100|[from] ability: Iron Barbs|[of] p2a: Ferrothorn\n|-damage|p2a: Ferrothorn|15\/100\n|-damage|p1a: Weavile|38\/100|[from] ability: Iron Barbs|[of] p2a: Ferrothorn\n|-damage|p2a: Ferrothorn|0 fnt\n|-damage|p1a: Weavile|26\/100|[from] ability: Iron Barbs|[of] p2a: Ferrothorn\n|faint|p2a: Ferrothorn\n|-hitcount|p2: Ferrothorn|3\n|\n|upkeep\n|l| Fluffeluff\n|\n|t:|1658923696\n|switch|p2a: Barraskewda|Barraskewda, F, shiny|100\/100\n|-damage|p2a: Barraskewda|88\/100|[from] Stealth Rock\n|turn|13\n|\n|t:|1658923732\n|switch|p1a: Buzzwole|Buzzwole|100\/100\n|move|p2a: Barraskewda|Flip Turn|p1a: Buzzwole\n|-damage|p1a: Buzzwole|67\/100\n|-damage|p2a: Barraskewda|72\/100|[from] item: Rocky Helmet|[of] p1a: Buzzwole\n|\n|t:|1658923741\n|switch|p2a: Thundurus|Thundurus-Therian, M, shiny|49\/100|[from]move: Flip Turn\n|\n|upkeep\n|turn|14\n|l| LT91BB Tun\n|l| LT91BBYoruVelaNoxx\n|\n|t:|1658923795\n|move|p2a: Thundurus|Volt Switch|p1a: Buzzwole\n|-damage|p1a: Buzzwole|6\/100\n|\n|t:|1658923799\n|switch|p2a: Landorus|Landorus-Therian, M, shiny|88\/100 tox|[from]move: Volt Switch\n|-damage|p2a: Landorus|76\/100 tox|[from] Stealth Rock\n|-ability|p2a: Landorus|Intimidate|boost\n|-unboost|p1a: Buzzwole|atk|1\n|move|p1a: Buzzwole|Ice Punch|p2a: Landorus\n|-supereffective|p2a: Landorus\n|-damage|p2a: Landorus|6\/100 tox\n|\n|-heal|p2a: Landorus|12\/100 tox|[from] item: Leftovers\n|-damage|p2a: Landorus|6\/100 tox|[from] psn\n|upkeep\n|turn|15\n|\n|t:|1658923830\n|move|p1a: Buzzwole|Ice Punch|p2a: Landorus\n|-supereffective|p2a: Landorus\n|-damage|p2a: Landorus|0 fnt\n|faint|p2a: Landorus\n|-ability|p1a: Buzzwole|Beast Boost|boost\n|-boost|p1a: Buzzwole|atk|1\n|\n|upkeep\n|j| LT91BB Tun\n|\n|t:|1658923836\n|switch|p2a: Thundurus|Thundurus-Therian, M, shiny|49\/100\n|turn|16\n|\n|t:|1658923852\n|switch|p1a: Corviknight|Corviknight, M|100\/100\n|-ability|p1a: Corviknight|Pressure\n|move|p2a: Thundurus|Volt Switch|p1a: Corviknight\n|-supereffective|p1a: Corviknight\n|-damage|p1a: Corviknight|27\/100\n|\n|t:|1658923874\n|switch|p2a: Crawdaunt|Crawdaunt, M, shiny|100\/100|[from]move: Volt Switch\n|-damage|p2a: Crawdaunt|88\/100|[from] Stealth Rock\n|\n|-heal|p1a: Corviknight|33\/100|[from] item: Leftovers\n|upkeep\n|turn|17\n|\n|t:|1658923889\n|move|p2a: Crawdaunt|Knock Off|p1a: Corviknight\n|-damage|p1a: Corviknight|0 fnt\n|-enditem|p1a: Corviknight|Leftovers|[from] move: Knock Off|[of] p2a: Crawdaunt\n|faint|p1a: Corviknight\n|\n|upkeep\n|\n|t:|1658923897\n|switch|p1a: Buzzwole|Buzzwole|6\/100\n|turn|18\n|\n|t:|1658923909\n|switch|p2a: Thundurus|Thundurus-Therian, M, shiny|49\/100\n|move|p1a: Buzzwole|Close Combat|p2a: Thundurus\n|-resisted|p2a: Thundurus\n|-damage|p2a: Thundurus|1\/100\n|-unboost|p1a: Buzzwole|def|1\n|-unboost|p1a: Buzzwole|spd|1\n|\n|upkeep\n|turn|19\n|\n|t:|1658923924\n|switch|p1a: Slowking|Slowking-Galar, F|100\/100\n|move|p2a: Thundurus|Volt Switch|p1a: Slowking\n|-damage|p1a: Slowking|66\/100\n|\n|t:|1658923928\n|switch|p2a: Crawdaunt|Crawdaunt, M, shiny|88\/100|[from]move: Volt Switch\n|-damage|p2a: Crawdaunt|76\/100|[from] Stealth Rock\n|\n|-heal|p1a: Slowking|72\/100|[from] item: Black Sludge\n|upkeep\n|turn|20\n|\n|t:|1658923941\n|move|p2a: Crawdaunt|Knock Off|p1a: Slowking\n|-supereffective|p1a: Slowking\n|-damage|p1a: Slowking|0 fnt\n|-enditem|p1a: Slowking|Black Sludge|[from] move: Knock Off|[of] p2a: Crawdaunt\n|faint|p1a: Slowking\n|\n|upkeep\n|\n|t:|1658923963\n|switch|p1a: Buzzwole|Buzzwole|6\/100\n|turn|21\n|\n|t:|1658923972\n|switch|p2a: Pelipper|Pelipper, M, shiny|66\/100\n|-damage|p2a: Pelipper|41\/100|[from] Stealth Rock\n|-weather|RainDance|[from] ability: Drizzle|[of] p2a: Pelipper\n|move|p1a: Buzzwole|Close Combat|p2a: Pelipper\n|-resisted|p2a: Pelipper\n|-damage|p2a: Pelipper|12\/100\n|-unboost|p1a: Buzzwole|def|1\n|-unboost|p1a: Buzzwole|spd|1\n|\n|-weather|RainDance|[upkeep]\n|upkeep\n|turn|22\n|\n|t:|1658923988\n|move|p1a: Buzzwole|Close Combat|p2a: Pelipper\n|-resisted|p2a: Pelipper\n|-damage|p2a: Pelipper|0 fnt\n|-unboost|p1a: Buzzwole|def|1\n|-unboost|p1a: Buzzwole|spd|1\n|faint|p2a: Pelipper\n|-ability|p1a: Buzzwole|Beast Boost|boost\n|-boost|p1a: Buzzwole|atk|1\n|\n|-weather|RainDance|[upkeep]\n|upkeep\n|\n|t:|1658923990\n|switch|p2a: Thundurus|Thundurus-Therian, M, shiny|1\/100\n|turn|23\n|\n|t:|1658924026\n|move|p2a: Thundurus|Volt Switch|p1a: Buzzwole\n|-damage|p1a: Buzzwole|0 fnt\n|faint|p1a: Buzzwole\n|\n|t:|1658924034\n|switch|p2a: Crawdaunt|Crawdaunt, M, shiny|76\/100|[from]move: Volt Switch\n|-damage|p2a: Crawdaunt|63\/100|[from] Stealth Rock\n|\n|-weather|RainDance|[upkeep]\n|upkeep\n|\n|t:|1658924045\n|switch|p1a: Weavile|Weavile, M|26\/100\n|-ability|p1a: Weavile|Pressure\n|turn|24\n|\n|t:|1658924050\n|switch|p1a: Slowbro|Slowbro, M|100\/100\n|switch|p2a: Thundurus|Thundurus-Therian, M, shiny|1\/100\n|\n|-weather|RainDance|[upkeep]\n|upkeep\n|turn|25\n|j| Too Cald\n|\n|t:|1658924074\n|move|p2a: Thundurus|Volt Switch|p1a: Slowbro\n|-supereffective|p1a: Slowbro\n|-damage|p1a: Slowbro|45\/100\n|\n|t:|1658924080\n|switch|p2a: Crawdaunt|Crawdaunt, M, shiny|63\/100|[from]move: Volt Switch\n|-damage|p2a: Crawdaunt|51\/100|[from] Stealth Rock\n|move|p1a: Slowbro|Teleport|p1a: Slowbro\n|\n|t:|1658924085\n|switch|p1a: Weavile|Weavile, M|26\/100|[from]move: Teleport\n|-ability|p1a: Weavile|Pressure\n|\n|-weather|RainDance|[upkeep]\n|upkeep\n|turn|26\n|l| Too Cald\n|\n|t:|1658924106\n|switch|p2a: Thundurus|Thundurus-Therian, M, shiny|1\/100\n|move|p1a: Weavile|Low Kick|p2a: Thundurus\n|-resisted|p2a: Thundurus\n|-damage|p2a: Thundurus|0 fnt\n|faint|p2a: Thundurus\n|\n|-weather|RainDance|[upkeep]\n|upkeep\n|\n|t:|1658924108\n|switch|p2a: Barraskewda|Barraskewda, F, shiny|72\/100\n|-damage|p2a: Barraskewda|60\/100|[from] Stealth Rock\n|turn|27\n|\n|t:|1658924119\n|switch|p1a: Slowbro|Slowbro, M|78\/100\n|move|p2a: Barraskewda|Flip Turn|p1a: Slowbro\n|-resisted|p1a: Slowbro\n|-damage|p1a: Slowbro|49\/100\n|\n|t:|1658924121\n|switch|p2a: Crawdaunt|Crawdaunt, M, shiny|51\/100|[from]move: Flip Turn\n|-damage|p2a: Crawdaunt|39\/100|[from] Stealth Rock\n|\n|-weather|RainDance|[upkeep]\n|upkeep\n|turn|28\n|\n|t:|1658924138\n|move|p2a: Crawdaunt|Knock Off|p1a: Slowbro\n|-supereffective|p1a: Slowbro\n|-damage|p1a: Slowbro|0 fnt\n|-enditem|p1a: Slowbro|Heavy-Duty Boots|[from] move: Knock Off|[of] p2a: Crawdaunt\n|faint|p1a: Slowbro\n|\n|-weather|none\n|upkeep\n|\n|t:|1658924140\n|switch|p1a: Weavile|Weavile, M|26\/100\n|-ability|p1a: Weavile|Pressure\n|turn|29\n|inactive|Battle timer is ON: inactive players will automatically lose when time's up. (requested by LT91BB gostop)\n|\n|t:|1658924206\n|move|p1a: Weavile|Ice Shard|p2a: Crawdaunt\n|-resisted|p2a: Crawdaunt\n|-damage|p2a: Crawdaunt|16\/100\n|move|p2a: Crawdaunt|Knock Off|p1a: Weavile\n|-resisted|p1a: Weavile\n|-damage|p1a: Weavile|0 fnt\n|-enditem|p1a: Weavile|Choice Band|[from] move: Knock Off|[of] p2a: Crawdaunt\n|faint|p1a: Weavile\n|\n|win|antarctozolt\n|raw|LT91BB gostop's rating: 1647 &rarr; <strong>1638<\/strong><br \/>(-9 for losing)\n|raw|antarctozolt's rating: 1859 &rarr; <strong>1868<\/strong><br \/>(+9 for winning)\n|c|\u2606antarctozolt|gg\n","uploadtime":1658924211,"views":164,"p1id":"lt91bbgostop","p2id":"antarctozolt","formatid":"gen8ou","rating":1638,"private":0,"password":null}