{"id":"gen8ou-1297442645","p1":"X-Wing Fighter","p2":"yortbruz","format":"gen8ou","log":"|j|\u2606X-Wing Fighter\n|j|\u203dyortbruz\n|inactive|Battle timer is ON: inactive players will automatically lose when time's up.\n|t:|1615259165\n|player|p1|X-Wing Fighter|hilbert-dueldisk|\n|player|p2|yortbruz|burglar-gen1|\n|teamsize|p1|6\n|teamsize|p2|6\n|gametype|singles\n|gen|8\n|tier|[Gen 8] OU\n|rated|Tournament battle\n|clearpoke\n|poke|p1|Ninetales-Alola, F|\n|poke|p1|Heatran, F|\n|poke|p1|Zapdos-Galar|\n|poke|p1|Bisharp, M|\n|poke|p1|Dragapult, M|\n|poke|p1|Garchomp, F|\n|poke|p2|Dragapult, F|\n|poke|p2|Slowking, F|\n|poke|p2|Rillaboom, M|\n|poke|p2|Landorus-Therian, M|\n|poke|p2|Ferrothorn, M|\n|poke|p2|Regieleki|\n|rule|Sleep Clause Mod: Limit one foe put to sleep\n|rule|Species Clause: Limit one of each Pok\u00e9mon\n|rule|OHKO Clause: OHKO moves are banned\n|rule|Evasion Moves Clause: Evasion moves are banned\n|rule|Endless Battle Clause: Forcing endless battles is banned\n|rule|HP Percentage Mod: HP is shown in percentages\n|rule|Dynamax Clause: You cannot dynamax\n|teampreview\n|j| redblueplays\n|l| redblueplays\n|j| redblueplays\n|l| redblueplays\n|inactive|X-Wing Fighter has 120 seconds left.\n|\n|t:|1615259210\n|start\n|switch|p1a: Zapdos|Zapdos-Galar|100\/100\n|switch|p2a: Ferrothorn|Ferrothorn, M|100\/100\n|turn|1\n|\n|t:|1615259219\n|move|p1a: Zapdos|Close Combat|p2a: Ferrothorn\n|-supereffective|p2a: Ferrothorn\n|-damage|p2a: Ferrothorn|0 fnt\n|-unboost|p1a: Zapdos|def|1\n|-unboost|p1a: Zapdos|spd|1\n|-damage|p1a: Zapdos|88\/100|[from] ability: Iron Barbs|[of] p2a: Ferrothorn\n|faint|p2a: Ferrothorn\n|\n|upkeep\n|\n|t:|1615259223\n|switch|p2a: Landorus|Landorus-Therian, M|100\/100\n|-ability|p2a: Landorus|Intimidate|boost\n|-unboost|p1a: Zapdos|atk|1\n|-ability|p1a: Zapdos|Defiant\n|-boost|p1a: Zapdos|atk|2\n|turn|2\n|\n|t:|1615259228\n|switch|p1a: Ninetales|Ninetales-Alola, F|100\/100\n|-weather|Hail|[from] ability: Snow Warning|[of] p1a: Ninetales\n|move|p2a: Landorus|Stealth Rock|p1a: Ninetales\n|-sidestart|p1: X-Wing Fighter|move: Stealth Rock\n|\n|-weather|Hail|[upkeep]\n|-damage|p2a: Landorus|94\/100|[from] Hail\n|-heal|p2a: Landorus|100\/100|[from] item: Leftovers\n|upkeep\n|turn|3\n|\n|t:|1615259231\n|move|p1a: Ninetales|Aurora Veil|p1a: Ninetales\n|-sidestart|p1: X-Wing Fighter|move: Aurora Veil\n|move|p2a: Landorus|U-turn|p1a: Ninetales\n|-resisted|p1a: Ninetales\n|-damage|p1a: Ninetales|94\/100\n|\n|t:|1615259237\n|switch|p2a: Regieleki|Regieleki|100\/100|[from]move: U-turn\n|\n|-weather|Hail|[upkeep]\n|-damage|p2a: Regieleki|95\/100|[from] Hail\n|upkeep\n|turn|4\n|\n|t:|1615259240\n|switch|p2a: Landorus|Landorus-Therian, M|100\/100\n|-ability|p2a: Landorus|Intimidate|boost\n|-unboost|p1a: Ninetales|atk|1\n|switch|p1a: Garchomp|Garchomp, F|100\/100\n|-damage|p1a: Garchomp|94\/100|[from] Stealth Rock\n|\n|-weather|Hail|[upkeep]\n|-damage|p1a: Garchomp|88\/100|[from] Hail\n|-damage|p2a: Landorus|94\/100|[from] Hail\n|-heal|p2a: Landorus|100\/100|[from] item: Leftovers\n|upkeep\n|turn|5\n|j| redblueplays\n|\n|t:|1615259251\n|move|p1a: Garchomp|Swords Dance|p1a: Garchomp\n|-boost|p1a: Garchomp|atk|2\n|move|p2a: Landorus|Earthquake|p1a: Garchomp\n|-damage|p1a: Garchomp|63\/100\n|\n|-weather|Hail|[upkeep]\n|-damage|p1a: Garchomp|57\/100|[from] Hail\n|-damage|p2a: Landorus|94\/100|[from] Hail\n|-heal|p2a: Landorus|100\/100|[from] item: Leftovers\n|upkeep\n|turn|6\n|\n|t:|1615259253\n|move|p1a: Garchomp|Scale Shot|p2a: Landorus\n|-damage|p2a: Landorus|74\/100\n|-damage|p2a: Landorus|49\/100\n|-damage|p2a: Landorus|25\/100\n|-hitcount|p2a: Landorus|3\n|-unboost|p1a: Garchomp|def|1\n|-boost|p1a: Garchomp|spe|1\n|-damage|p1a: Garchomp|47\/100|[from] item: Life Orb\n|move|p2a: Landorus|Earthquake|p1a: Garchomp\n|-damage|p1a: Garchomp|15\/100\n|\n|-weather|none\n|-heal|p2a: Landorus|31\/100|[from] item: Leftovers\n|upkeep\n|turn|7\n|\n|t:|1615259261\n|move|p1a: Garchomp|Scale Shot|p2a: Landorus|[miss]\n|-miss|p1a: Garchomp|p2a: Landorus\n|move|p2a: Landorus|Earthquake|p1a: Garchomp\n|-damage|p1a: Garchomp|0 fnt\n|faint|p1a: Garchomp\n|\n|-heal|p2a: Landorus|37\/100|[from] item: Leftovers\n|upkeep\n|\n|t:|1615259275\n|switch|p1a: Zapdos|Zapdos-Galar|88\/100\n|-damage|p1a: Zapdos|76\/100|[from] Stealth Rock\n|turn|8\n|\n|t:|1615259279\n|move|p1a: Zapdos|Brave Bird|p2a: Landorus\n|-damage|p2a: Landorus|0 fnt\n|-damage|p1a: Zapdos|61\/100|[from] Recoil\n|faint|p2a: Landorus\n|\n|upkeep\n|\n|t:|1615259281\n|switch|p2a: Regieleki|Regieleki|95\/100\n|turn|9\n|\n|t:|1615259286\n|switch|p1a: Heatran|Heatran, F|100\/100\n|-damage|p1a: Heatran|88\/100|[from] Stealth Rock\n|-item|p1a: Heatran|Air Balloon\n|move|p2a: Regieleki|Volt Switch|p1a: Heatran\n|-damage|p1a: Heatran|65\/100\n|-enditem|p1a: Heatran|Air Balloon\n|\n|t:|1615259288\n|switch|p2a: Slowking|Slowking, F|100\/100|[from]move: Volt Switch\n|\n|upkeep\n|turn|10\n|\n|t:|1615259297\n|switch|p1a: Ninetales|Ninetales-Alola, F|94\/100\n|-damage|p1a: Ninetales|69\/100|[from] Stealth Rock\n|-weather|Hail|[from] ability: Snow Warning|[of] p1a: Ninetales\n|move|p2a: Slowking|Scald|p1a: Ninetales\n|-damage|p1a: Ninetales|56\/100\n|\n|-weather|Hail|[upkeep]\n|-damage|p2a: Slowking|94\/100|[from] Hail\n|-sideend|p1: X-Wing Fighter|move: Aurora Veil\n|upkeep\n|turn|11\n|j| ProphecyD\n|\n|t:|1615259305\n|move|p1a: Ninetales|Aurora Veil|p1a: Ninetales\n|-sidestart|p1: X-Wing Fighter|move: Aurora Veil\n|move|p2a: Slowking|Future Sight|p1a: Ninetales\n|-start|p2a: Slowking|move: Future Sight\n|\n|-weather|Hail|[upkeep]\n|-damage|p2a: Slowking|88\/100|[from] Hail\n|upkeep\n|turn|12\n|l| redblueplays\n|l| ProphecyD\n|\n|t:|1615259313\n|move|p1a: Ninetales|Freeze-Dry|p2a: Slowking\n|-supereffective|p2a: Slowking\n|-damage|p2a: Slowking|62\/100\n|move|p2a: Slowking|Teleport|p2a: Slowking\n|\n|t:|1615259318\n|switch|p2a: Regieleki|Regieleki|95\/100|[from]move: Teleport\n|\n|-weather|Hail|[upkeep]\n|-damage|p2a: Regieleki|89\/100|[from] Hail\n|upkeep\n|turn|13\n|\n|t:|1615259324\n|move|p2a: Regieleki|Volt Switch|p1a: Ninetales\n|-damage|p1a: Ninetales|33\/100\n|\n|t:|1615259326\n|switch|p2a: Slowking|Slowking, F|95\/100|[from]move: Volt Switch\n|move|p1a: Ninetales|Freeze-Dry|p2a: Slowking\n|-supereffective|p2a: Slowking\n|-damage|p2a: Slowking|72\/100\n|\n|-weather|Hail|[upkeep]\n|-damage|p2a: Slowking|66\/100|[from] Hail\n|-end|p1a: Ninetales|move: Future Sight\n|-damage|p1a: Ninetales|12\/100\n|upkeep\n|turn|14\n|\n|t:|1615259333\n|move|p1a: Ninetales|Hypnosis|p2a: Slowking\n|-status|p2a: Slowking|slp|[from] move: Hypnosis\n|cant|p2a: Slowking|slp\n|\n|-weather|none\n|upkeep\n|turn|15\n|\n|t:|1615259339\n|switch|p1a: Dragapult|Dragapult, M|100\/100\n|-damage|p1a: Dragapult|88\/100|[from] Stealth Rock\n|switch|p2a: Regieleki|Regieleki|89\/100\n|\n|upkeep\n|turn|16\n|\n|t:|1615259342\n|move|p2a: Regieleki|Thunder Wave|p1a: Dragapult\n|-status|p1a: Dragapult|par\n|move|p1a: Dragapult|Dragon Darts|p2a: Regieleki\n|-damage|p2a: Regieleki|32\/100\n|-anim|p1a: Dragapult|Dragon Darts|p2a: Regieleki\n|-crit|p2a: Regieleki\n|-damage|p2a: Regieleki|0 fnt\n|faint|p2a: Regieleki\n|\n|upkeep\n|\n|t:|1615259348\n|switch|p2a: Rillaboom|Rillaboom, M|100\/100\n|-fieldstart|move: Grassy Terrain|[from] ability: Grassy Surge|[of] p2a: Rillaboom\n|turn|17\n|\n|t:|1615259353\n|move|p2a: Rillaboom|Grassy Glide|p1a: Dragapult\n|-resisted|p1a: Dragapult\n|-damage|p1a: Dragapult|66\/100 par\n|move|p1a: Dragapult|Dragon Darts|p2a: Rillaboom\n|-damage|p2a: Rillaboom|69\/100\n|-anim|p1a: Dragapult|Dragon Darts|p2a: Rillaboom\n|-damage|p2a: Rillaboom|39\/100\n|\n|-heal|p2a: Rillaboom|45\/100|[from] Grassy Terrain\n|-heal|p1a: Dragapult|73\/100 par|[from] Grassy Terrain\n|upkeep\n|turn|18\n|\n|t:|1615259358\n|move|p2a: Rillaboom|Grassy Glide|p1a: Dragapult\n|-resisted|p1a: Dragapult\n|-damage|p1a: Dragapult|47\/100 par\n|move|p1a: Dragapult|Dragon Darts|p2a: Rillaboom\n|-crit|p2a: Rillaboom\n|-damage|p2a: Rillaboom|2\/100\n|-anim|p1a: Dragapult|Dragon Darts|p2a: Rillaboom\n|-damage|p2a: Rillaboom|0 fnt\n|faint|p2a: Rillaboom\n|\n|-heal|p1a: Dragapult|53\/100 par|[from] Grassy Terrain\n|-sideend|p1: X-Wing Fighter|move: Aurora Veil\n|upkeep\n|\n|t:|1615259360\n|switch|p2a: Dragapult|Dragapult, F|100\/100\n|turn|19\n|\n|t:|1615259364\n|move|p2a: Dragapult|Substitute|p2a: Dragapult\n|-start|p2a: Dragapult|Substitute\n|-damage|p2a: Dragapult|76\/100\n|move|p1a: Dragapult|Dragon Darts|p2a: Dragapult\n|-supereffective|p2a: Dragapult\n|-end|p2a: Dragapult|Substitute\n|-anim|p1a: Dragapult|Dragon Darts|p2a: Dragapult\n|-supereffective|p2a: Dragapult\n|-damage|p2a: Dragapult|5\/100\n|\n|-heal|p2a: Dragapult|11\/100|[from] Grassy Terrain\n|-heal|p2a: Dragapult|17\/100|[from] item: Leftovers\n|-heal|p1a: Dragapult|59\/100 par|[from] Grassy Terrain\n|upkeep\n|turn|20\n|-message|yortbruz forfeited.\n|\n|win|X-Wing Fighter\n|n|\u2606X-Wing Fighter|xwingfighter\n|n|\u203dyortbruz|yortbruz\n|l|\u203dyortbruz\n|l|\u2606X-Wing Fighter\n|j|\u2606X-Wing Fighter\n|player|p1|X-Wing Fighter|hilbert-dueldisk\n|j|\u203dyortbruz\n|player|p2|yortbruz|burglar-gen1\n|l|\u203dyortbruz\n|player|p2|\n","uploadtime":1615259442,"views":16,"p1id":"xwingfighter","p2id":"yortbruz","formatid":"gen8ou","rating":0,"private":0,"password":null}