{"id":"gen8ou-1280697577","p1":"wsdfg","p2":"M0nk3","format":"gen8ou","log":"|j|\u2606wsdfg\n|j|\u2606M0nk3\n|inactive|Battle timer is ON: inactive players will automatically lose when time's up.\n|t:|1613079077\n|player|p1|wsdfg|burglar|\n|player|p2|M0nk3|pokefan|\n|teamsize|p1|6\n|teamsize|p2|6\n|gametype|singles\n|gen|8\n|tier|[Gen 8] OU\n|rated|Tournament battle\n|clearpoke\n|poke|p1|Cinderace, M|\n|poke|p1|Volcarona, F|\n|poke|p1|Swampert, M|\n|poke|p1|Rillaboom, M|\n|poke|p1|Dragapult, F|\n|poke|p1|Kartana|\n|poke|p2|Hawlucha, F|\n|poke|p2|Rillaboom, M|\n|poke|p2|Magearna|\n|poke|p2|Cinderace, F|\n|poke|p2|Mew|\n|poke|p2|Noivern, M|\n|rule|Sleep Clause Mod: Limit one foe put to sleep\n|rule|Species Clause: Limit one of each Pok\u00e9mon\n|rule|OHKO Clause: OHKO moves are banned\n|rule|Evasion Moves Clause: Evasion moves are banned\n|rule|Endless Battle Clause: Forcing endless battles is banned\n|rule|HP Percentage Mod: HP is shown in percentages\n|rule|Dynamax Clause: You cannot dynamax\n|teampreview\n|inactive|M0nk3 has 120 seconds left.\n|\n|t:|1613079110\n|start\n|switch|p1a: Volcarona|Volcarona, F|100\/100\n|switch|p2a: Billaroom|Rillaboom, M, shiny|100\/100\n|-fieldstart|move: Grassy Terrain|[from] ability: Grassy Surge|[of] p2a: Billaroom\n|turn|1\n|\n|t:|1613079117\n|switch|p2a: Hawk|Hawlucha, F, shiny|100\/100\n|-enditem|p2a: Hawk|Grassy Seed\n|-boost|p2a: Hawk|def|1|[from] item: Grassy Seed\n|move|p1a: Volcarona|Quiver Dance|p1a: Volcarona\n|-boost|p1a: Volcarona|spa|1\n|-boost|p1a: Volcarona|spd|1\n|-boost|p1a: Volcarona|spe|1\n|\n|upkeep\n|turn|2\n|\n|t:|1613079135\n|switch|p1a: Swampert|Swampert, M|100\/100\n|move|p2a: Hawk|Acrobatics|p1a: Swampert\n|-damage|p1a: Swampert|56\/100\n|\n|-heal|p1a: Swampert|62\/100|[from] Grassy Terrain\n|-heal|p1a: Swampert|68\/100|[from] item: Leftovers\n|upkeep\n|turn|3\n|\n|t:|1613079144\n|move|p2a: Hawk|Acrobatics|p1a: Swampert\n|-damage|p1a: Swampert|19\/100\n|move|p1a: Swampert|Toxic|p2a: Hawk\n|-status|p2a: Hawk|tox\n|\n|-heal|p1a: Swampert|25\/100|[from] Grassy Terrain\n|-heal|p1a: Swampert|31\/100|[from] item: Leftovers\n|-damage|p2a: Hawk|94\/100 tox|[from] psn\n|upkeep\n|turn|4\n|\n|t:|1613079160\n|switch|p1a: Kartana|Kartana|100\/100\n|move|p2a: Hawk|Acrobatics|p1a: Kartana\n|-damage|p1a: Kartana|47\/100\n|\n|-heal|p1a: Kartana|53\/100|[from] Grassy Terrain\n|-damage|p2a: Hawk|82\/100 tox|[from] psn\n|upkeep\n|turn|5\n|\n|t:|1613079168\n|switch|p1a: Volcarona|Volcarona, F|100\/100\n|move|p2a: Hawk|Close Combat|p1a: Volcarona\n|-resisted|p1a: Volcarona\n|-damage|p1a: Volcarona|57\/100\n|-unboost|p2a: Hawk|def|1\n|-unboost|p2a: Hawk|spd|1\n|\n|-heal|p1a: Volcarona|63\/100|[from] Grassy Terrain\n|-fieldend|move: Grassy Terrain\n|-damage|p2a: Hawk|64\/100 tox|[from] psn\n|upkeep\n|turn|6\n|\n|t:|1613079191\n|switch|p1a: Kartana|Kartana|53\/100\n|move|p2a: Hawk|Acrobatics|p1a: Kartana\n|-damage|p1a: Kartana|1\/100\n|\n|-damage|p2a: Hawk|40\/100 tox|[from] psn\n|upkeep\n|turn|7\n|\n|t:|1613079205\n|move|p2a: Hawk|Acrobatics|p1a: Kartana\n|-damage|p1a: Kartana|0 fnt\n|faint|p1a: Kartana\n|\n|-damage|p2a: Hawk|10\/100 tox|[from] psn\n|upkeep\n|\n|t:|1613079216\n|switch|p1a: Rillaboom|Rillaboom, M|100\/100\n|-fieldstart|move: Grassy Terrain|[from] ability: Grassy Surge|[of] p1a: Rillaboom\n|turn|8\n|\n|t:|1613079221\n|move|p1a: Rillaboom|Grassy Glide|p2a: Hawk\n|-resisted|p2a: Hawk\n|-damage|p2a: Hawk|0 fnt\n|faint|p2a: Hawk\n|\n|upkeep\n|\n|t:|1613079235\n|switch|p2a: Noivern|Noivern, M|100\/100\n|turn|9\n|\n|t:|1613079239\n|switch|p1a: Swampert|Swampert, M|31\/100\n|move|p2a: Noivern|Air Slash|p1a: Swampert\n|-damage|p1a: Swampert|0 fnt\n|faint|p1a: Swampert\n|\n|upkeep\n|\n|t:|1613079241\n|switch|p1a: Dragapult|Dragapult, F|100\/100\n|turn|10\n|\n|t:|1613079251\n|move|p1a: Dragapult|U-turn|p2a: Noivern\n|-resisted|p2a: Noivern\n|-damage|p2a: Noivern|89\/100\n|\n|t:|1613079254\n|switch|p1a: Cinderace|Cinderace, M|100\/100|[from]move: U-turn\n|move|p2a: Noivern|Air Slash|p1a: Cinderace\n|-damage|p1a: Cinderace|31\/100\n|\n|-heal|p1a: Cinderace|37\/100|[from] Grassy Terrain\n|upkeep\n|turn|11\n|\n|t:|1613079263\n|switch|p1a: Dragapult|Dragapult, F|100\/100\n|move|p2a: Noivern|Air Slash|p1a: Dragapult\n|-damage|p1a: Dragapult|31\/100\n|\n|-heal|p1a: Dragapult|37\/100|[from] Grassy Terrain\n|upkeep\n|turn|12\n|\n|t:|1613079273\n|move|p1a: Dragapult|Draco Meteor|p2a: Noivern\n|-supereffective|p2a: Noivern\n|-damage|p2a: Noivern|0 fnt\n|-unboost|p1a: Dragapult|spa|2\n|faint|p2a: Noivern\n|\n|-heal|p1a: Dragapult|43\/100|[from] Grassy Terrain\n|-fieldend|move: Grassy Terrain\n|upkeep\n|inactive|M0nk3 has 120 seconds left.\n|\n|t:|1613079303\n|switch|p2a: Bae|Magearna|100\/100\n|turn|13\n|\n|t:|1613079306\n|move|p1a: Dragapult|Thunder Wave|p2a: Bae\n|-status|p2a: Bae|par\n|move|p2a: Bae|Shift Gear|p2a: Bae\n|-boost|p2a: Bae|spe|2\n|-boost|p2a: Bae|atk|1\n|\n|upkeep\n|turn|14\n|\n|t:|1613079312\n|move|p1a: Dragapult|U-turn|p2a: Bae\n|-resisted|p2a: Bae\n|-damage|p2a: Bae|97\/100 par\n|\n|t:|1613079314\n|switch|p1a: Volcarona|Volcarona, F|63\/100|[from]move: U-turn\n|move|p2a: Bae|Shift Gear|p2a: Bae\n|-boost|p2a: Bae|spe|2\n|-boost|p2a: Bae|atk|1\n|\n|upkeep\n|turn|15\n|\n|t:|1613079332\n|move|p2a: Bae|Electro Ball|p1a: Volcarona\n|-damage|p1a: Volcarona|28\/100\n|-damage|p2a: Bae|87\/100 par|[from] item: Life Orb\n|move|p1a: Volcarona|Quiver Dance|p1a: Volcarona\n|-boost|p1a: Volcarona|spa|1\n|-boost|p1a: Volcarona|spd|1\n|-boost|p1a: Volcarona|spe|1\n|\n|upkeep\n|turn|16\n|\n|t:|1613079343\n|move|p1a: Volcarona|Fiery Dance|p2a: Bae\n|-supereffective|p2a: Bae\n|-damage|p2a: Bae|0 fnt\n|faint|p2a: Bae\n|\n|upkeep\n|\n|t:|1613079362\n|switch|p2a: Billaroom|Rillaboom, M, shiny|100\/100\n|-fieldstart|move: Grassy Terrain|[from] ability: Grassy Surge|[of] p2a: Billaroom\n|turn|17\n|\n|t:|1613079367\n|move|p2a: Billaroom|Grassy Glide|p1a: Volcarona\n|-resisted|p1a: Volcarona\n|-damage|p1a: Volcarona|5\/100\n|-damage|p2a: Billaroom|91\/100|[from] item: Life Orb\n|move|p1a: Volcarona|Fiery Dance|p2a: Billaroom\n|-supereffective|p2a: Billaroom\n|-damage|p2a: Billaroom|0 fnt\n|faint|p2a: Billaroom\n|\n|-heal|p1a: Volcarona|11\/100|[from] Grassy Terrain\n|upkeep\n|\n|t:|1613079376\n|switch|p2a: Bringer of Rain|Cinderace, F, shiny|100\/100\n|turn|18\n|\n|t:|1613079379\n|move|p2a: Bringer of Rain|Sucker Punch|p1a: Volcarona\n|-start|p2a: Bringer of Rain|typechange|Dark|[from] ability: Libero\n|-damage|p1a: Volcarona|0 fnt\n|-damage|p2a: Bringer of Rain|91\/100|[from] item: Life Orb\n|faint|p1a: Volcarona\n|\n|-heal|p2a: Bringer of Rain|97\/100|[from] Grassy Terrain\n|upkeep\n|\n|t:|1613079384\n|switch|p1a: Rillaboom|Rillaboom, M|100\/100\n|turn|19\n|\n|t:|1613079390\n|move|p1a: Rillaboom|Grassy Glide|p2a: Bringer of Rain\n|-damage|p2a: Bringer of Rain|0 fnt\n|faint|p2a: Bringer of Rain\n|\n|upkeep\n|\n|t:|1613079394\n|switch|p2a: meuw|Mew, shiny|100\/100\n|turn|20\n|\n|t:|1613079397\n|move|p1a: Rillaboom|Grassy Glide|p2a: meuw\n|-damage|p2a: meuw|49\/100\n|move|p2a: meuw|Cosmic Power|p2a: meuw\n|-boost|p2a: meuw|def|1\n|-boost|p2a: meuw|spd|1\n|\n|-heal|p2a: meuw|55\/100|[from] Grassy Terrain\n|-heal|p2a: meuw|62\/100|[from] item: Leftovers\n|upkeep\n|turn|21\n|\n|t:|1613079407\n|switch|p1a: Dragapult|Dragapult, F|43\/100\n|move|p2a: meuw|Cosmic Power|p2a: meuw\n|-boost|p2a: meuw|def|1\n|-boost|p2a: meuw|spd|1\n|\n|-heal|p1a: Dragapult|49\/100|[from] Grassy Terrain\n|-heal|p2a: meuw|68\/100|[from] Grassy Terrain\n|-heal|p2a: meuw|74\/100|[from] item: Leftovers\n|-fieldend|move: Grassy Terrain\n|upkeep\n|turn|22\n|\n|t:|1613079418\n|move|p1a: Dragapult|Thunder Wave|p2a: meuw\n|-status|p2a: meuw|par\n|-activate|p2a: meuw|ability: Synchronize\n|-status|p1a: Dragapult|par\n|move|p2a: meuw|Stored Power|p1a: Dragapult\n|-damage|p1a: Dragapult|4\/100 par\n|\n|-heal|p2a: meuw|80\/100 par|[from] item: Leftovers\n|upkeep\n|turn|23\n|\n|t:|1613079428\n|move|p1a: Dragapult|U-turn|p2a: meuw\n|-supereffective|p2a: meuw\n|-damage|p2a: meuw|69\/100 par\n|\n|t:|1613079431\n|switch|p1a: Rillaboom|Rillaboom, M|100\/100|[from]move: U-turn\n|-fieldstart|move: Grassy Terrain|[from] ability: Grassy Surge|[of] p1a: Rillaboom\n|move|p2a: meuw|Stored Power|p1a: Rillaboom\n|-damage|p1a: Rillaboom|51\/100\n|\n|-heal|p1a: Rillaboom|57\/100|[from] Grassy Terrain\n|-heal|p2a: meuw|75\/100 par|[from] Grassy Terrain\n|-heal|p2a: meuw|82\/100 par|[from] item: Leftovers\n|upkeep\n|turn|24\n|\n|t:|1613079442\n|move|p1a: Rillaboom|Knock Off|p2a: meuw\n|-supereffective|p2a: meuw\n|-damage|p2a: meuw|47\/100 par\n|-enditem|p2a: meuw|Leftovers|[from] move: Knock Off|[of] p1a: Rillaboom\n|move|p2a: meuw|Stored Power|p1a: Rillaboom\n|-damage|p1a: Rillaboom|10\/100\n|\n|-heal|p1a: Rillaboom|16\/100|[from] Grassy Terrain\n|-heal|p2a: meuw|53\/100 par|[from] Grassy Terrain\n|upkeep\n|turn|25\n|\n|t:|1613079452\n|switch|p1a: Dragapult|Dragapult, F|4\/100 par\n|move|p2a: meuw|Stored Power|p1a: Dragapult\n|-damage|p1a: Dragapult|0 fnt\n|faint|p1a: Dragapult\n|\n|-heal|p2a: meuw|59\/100 par|[from] Grassy Terrain\n|upkeep\n|\n|t:|1613079455\n|switch|p1a: Rillaboom|Rillaboom, M|16\/100\n|turn|26\n|\n|t:|1613079462\n|move|p1a: Rillaboom|Wood Hammer|p2a: meuw\n|-damage|p2a: meuw|19\/100 par\n|-damage|p1a: Rillaboom|0 fnt|[from] Recoil\n|faint|p1a: Rillaboom\n|cant|p2a: meuw|par\n|\n|-heal|p2a: meuw|25\/100 par|[from] Grassy Terrain\n|upkeep\n|\n|t:|1613079466\n|switch|p1a: Cinderace|Cinderace, M|37\/100\n|turn|27\n|\n|t:|1613079490\n|move|p1a: Cinderace|U-turn|p2a: meuw\n|-start|p1a: Cinderace|typechange|Bug|[from] ability: Libero\n|-supereffective|p2a: meuw\n|-damage|p2a: meuw|3\/100 par\n|cant|p2a: meuw|par\n|\n|-heal|p1a: Cinderace|43\/100|[from] Grassy Terrain\n|-heal|p2a: meuw|9\/100 par|[from] Grassy Terrain\n|-fieldend|move: Grassy Terrain\n|upkeep\n|turn|28\n|\n|t:|1613079502\n|move|p1a: Cinderace|U-turn|p2a: meuw\n|-supereffective|p2a: meuw\n|-damage|p2a: meuw|0 fnt\n|faint|p2a: meuw\n|\n|win|wsdfg\n|n|\u2606wsdfg|wsdfg\n|n|\u2606M0nk3|m0nk3\n|l|\u2606wsdfg\n","uploadtime":1613079539,"views":7,"p1id":"wsdfg","p2id":"m0nk3","formatid":"gen8ou","rating":0,"private":0,"password":null}