{"id":"gen8ou-1505444513","p1":"gaenisalbino","p2":"Kyerndo","format":"gen8ou","log":"|j|\u2606gaenisalbino\n|j|\u2606Kyerndo\n|t:|1644154321\n|gametype|singles\n|player|p1|gaenisalbino|blue|1644\n|player|p2|Kyerndo|psychic|1602\n|teamsize|p1|6\n|teamsize|p2|6\n|gen|8\n|tier|[Gen 8] OU\n|rated|\n|rule|Sleep Clause Mod: Limit one foe put to sleep\n|rule|Species Clause: Limit one of each Pok\u00e9mon\n|rule|OHKO Clause: OHKO moves are banned\n|rule|Evasion Moves Clause: Evasion moves are banned\n|rule|Endless Battle Clause: Forcing endless battles is banned\n|rule|HP Percentage Mod: HP is shown in percentages\n|rule|Dynamax Clause: You cannot dynamax\n|clearpoke\n|poke|p1|Buzzwole|\n|poke|p1|Tapu Lele|\n|poke|p1|Tornadus-Therian, M|\n|poke|p1|Blissey, F|\n|poke|p1|Magnezone|\n|poke|p1|Gastrodon, M|\n|poke|p2|Crawdaunt, F|\n|poke|p2|Marowak-Alola, M|\n|poke|p2|Dragalge, M|\n|poke|p2|Hatterene, F|\n|poke|p2|Porygon2|\n|poke|p2|Cresselia, F|\n|teampreview\n|\n|t:|1644154337\n|start\n|switch|p1a: Tapu Lele|Tapu Lele|100\/100\n|switch|p2a: Marowak|Marowak-Alola, M|100\/100\n|-fieldstart|move: Psychic Terrain|[from] ability: Psychic Surge|[of] p1a: Tapu Lele\n|turn|1\n|\n|t:|1644154348\n|switch|p2a: Cresselia|Cresselia, F|100\/100\n|move|p1a: Tapu Lele|Psychic|p2a: Cresselia\n|-resisted|p2a: Cresselia\n|-damage|p2a: Cresselia|73\/100\n|\n|upkeep\n|turn|2\n|\n|t:|1644154358\n|switch|p1a: Gastrodon|Gastrodon, M|100\/100\n|move|p2a: Cresselia|Trick Room|p2a: Cresselia\n|-fieldstart|move: Trick Room|[of] p2a: Cresselia\n|\n|upkeep\n|turn|3\n|\n|t:|1644154370\n|switch|p2a: Crawdaunt|Crawdaunt, F|100\/100\n|move|p1a: Gastrodon|Earth Power|p2a: Crawdaunt\n|-damage|p2a: Crawdaunt|51\/100\n|\n|upkeep\n|turn|4\n|inactive|Battle timer is ON: inactive players will automatically lose when time's up. (requested by gaenisalbino)\n|\n|t:|1644154377\n|switch|p1a: Buzzwole|Buzzwole|100\/100\n|move|p2a: Crawdaunt|Knock Off|p1a: Buzzwole\n|-resisted|p1a: Buzzwole\n|-damage|p1a: Buzzwole|77\/100\n|-damage|p2a: Crawdaunt|34\/100|[from] item: Rocky Helmet|[of] p1a: Buzzwole\n|-enditem|p1a: Buzzwole|Rocky Helmet|[from] move: Knock Off|[of] p2a: Crawdaunt\n|-damage|p2a: Crawdaunt|24\/100|[from] item: Life Orb\n|\n|upkeep\n|turn|5\n|\n|t:|1644154382\n|switch|p2a: Marowak|Marowak-Alola, M|100\/100\n|move|p1a: Buzzwole|Roost|p1a: Buzzwole\n|-heal|p1a: Buzzwole|100\/100\n|-singleturn|p1a: Buzzwole|move: Roost\n|\n|-fieldend|move: Psychic Terrain\n|upkeep\n|turn|6\n|\n|t:|1644154391\n|switch|p1a: Gastrodon|Gastrodon, M|100\/100\n|move|p2a: Marowak|Flare Blitz|p1a: Gastrodon\n|-resisted|p1a: Gastrodon\n|-damage|p1a: Gastrodon|62\/100\n|\n|-heal|p1a: Gastrodon|68\/100|[from] item: Leftovers\n|-fieldend|move: Trick Room\n|upkeep\n|turn|7\n|\n|t:|1644154398\n|move|p2a: Marowak|Poltergeist|p1a: Gastrodon\n|-activate|p1a: Gastrodon|move: Poltergeist|Leftovers\n|-damage|p1a: Gastrodon|0 fnt\n|faint|p1a: Gastrodon\n|\n|upkeep\n|\n|t:|1644154404\n|switch|p1a: Tapu Lele|Tapu Lele|100\/100\n|-fieldstart|move: Psychic Terrain|[from] ability: Psychic Surge|[of] p1a: Tapu Lele\n|turn|8\n|\n|t:|1644154416\n|move|p1a: Tapu Lele|Moonblast|p2a: Marowak\n|-resisted|p2a: Marowak\n|-damage|p2a: Marowak|45\/100\n|-unboost|p2a: Marowak|spa|1\n|move|p2a: Marowak|Poltergeist|p1a: Tapu Lele\n|-activate|p1a: Tapu Lele|move: Poltergeist|Choice Specs\n|-supereffective|p1a: Tapu Lele\n|-damage|p1a: Tapu Lele|0 fnt\n|faint|p1a: Tapu Lele\n|\n|upkeep\n|\n|t:|1644154425\n|switch|p1a: Tornadus|Tornadus-Therian, M, shiny|100\/100\n|turn|9\n|c|\u2606Kyerndo|I had a feeling you would blast there\n|c|\u2606gaenisalbino|Yeah\n|inactive|Kyerndo has 120 seconds left.\n|\n|t:|1644154457\n|switch|p2a: Porygon2|Porygon2|100\/100\n|-ability|p2a: Porygon2|Regenerator|[from] ability: Trace|[of] p1a: Tornadus\n|move|p1a: Tornadus|Hurricane|p2a: Porygon2|[miss]\n|-miss|p1a: Tornadus|p2a: Porygon2\n|\n|upkeep\n|turn|10\n|c|\u2606gaenisalbino|I expected you to switch\n|c|\u2606gaenisalbino|Cuz u immediately lost\n|c|\u2606gaenisalbino|If i clicked psychic\n|\n|t:|1644154473\n|move|p1a: Tornadus|Knock Off|p2a: Porygon2\n|-damage|p2a: Porygon2|88\/100\n|-enditem|p2a: Porygon2|Eviolite|[from] move: Knock Off|[of] p1a: Tornadus\n|move|p2a: Porygon2|Trick Room|p2a: Porygon2\n|-fieldstart|move: Trick Room|[of] p2a: Porygon2\n|\n|upkeep\n|turn|11\n|\n|t:|1644154480\n|move|p1a: Tornadus|U-turn|p2a: Porygon2\n|-damage|p2a: Porygon2|76\/100\n|\n|t:|1644154483\n|switch|p1a: Blissey|Blissey, F|100\/100|[from]move: U-turn\n|move|p2a: Porygon2|Teleport|p2a: Porygon2\n|\n|t:|1644154492\n|switch|p2a: Marowak|Marowak-Alola, M|45\/100|[from]move: Teleport\n|\n|upkeep\n|turn|12\n|\n|t:|1644154497\n|move|p2a: Marowak|Flare Blitz|p1a: Blissey\n|-damage|p1a: Blissey|22\/100\n|-status|p1a: Blissey|brn\n|move|p1a: Blissey|Toxic|p2a: Marowak\n|-status|p2a: Marowak|tox\n|\n|-damage|p2a: Marowak|39\/100 tox|[from] psn\n|-damage|p1a: Blissey|16\/100 brn|[from] brn\n|-fieldend|move: Psychic Terrain\n|upkeep\n|turn|13\n|\n|t:|1644154502\n|move|p2a: Marowak|Flare Blitz|p1a: Blissey\n|-damage|p1a: Blissey|0 fnt\n|faint|p1a: Blissey\n|\n|-damage|p2a: Marowak|26\/100 tox|[from] psn\n|upkeep\n|\n|t:|1644154506\n|switch|p1a: Tornadus|Tornadus-Therian, M, shiny|100\/100\n|turn|14\n|\n|t:|1644154514\n|switch|p2a: Porygon2|Porygon2|100\/100\n|-ability|p2a: Porygon2|Regenerator|[from] ability: Trace|[of] p1a: Tornadus\n|move|p1a: Tornadus|Knock Off|p2a: Porygon2\n|-damage|p2a: Porygon2|88\/100\n|\n|-fieldend|move: Trick Room\n|upkeep\n|turn|15\n|-message|gaenisalbino forfeited.\n|\n|win|Kyerndo\n|raw|gaenisalbino's rating: 1644 &rarr; <strong>1622<\/strong><br \/>(-22 for losing)\n|raw|Kyerndo's rating: 1602 &rarr; <strong>1624<\/strong><br \/>(+22 for winning)\n|c|\u2606gaenisalbino|This won't work lol gg\n","uploadtime":1644154534,"views":31,"p1id":"gaenisalbino","p2id":"kyerndo","formatid":"gen8ou","rating":1622,"private":0,"password":null}