{"id":"gen8ou-1674153932","p1":"damorush","p2":"duanran","format":"gen8ou","log":"|j|\u2606damorush\n|j|\u2606duanran\n|t:|1664543923\n|gametype|singles\n|player|p1|damorush|101|1630\n|player|p2|duanran|skierf|1658\n|teamsize|p1|6\n|teamsize|p2|6\n|gen|8\n|tier|[Gen 8] OU\n|rated|\n|rule|Sleep Clause Mod: Limit one foe put to sleep\n|rule|Species Clause: Limit one of each Pok\u00e9mon\n|rule|OHKO Clause: OHKO moves are banned\n|rule|Evasion Items Clause: Evasion items are banned\n|rule|Evasion Moves Clause: Evasion moves are banned\n|rule|Endless Battle Clause: Forcing endless battles is banned\n|rule|HP Percentage Mod: HP is shown in percentages\n|rule|Dynamax Clause: You cannot dynamax\n|clearpoke\n|poke|p1|Mew|\n|poke|p1|Dragapult, M|\n|poke|p1|Rillaboom, M|\n|poke|p1|Kartana|\n|poke|p1|Nidoking, M|\n|poke|p1|Urshifu-*, M|\n|poke|p2|Rillaboom, M|\n|poke|p2|Kartana|\n|poke|p2|Hawlucha, F|\n|poke|p2|Slowking-Galar, M|\n|poke|p2|Tyranitar, M|\n|poke|p2|Azumarill, F|\n|teampreview\n|inactive|Battle timer is ON: inactive players will automatically lose when time's up. (requested by damorush)\n|\n|t:|1664543971\n|start\n|switch|p1a: Mew|Mew|100\/100\n|switch|p2a: Tyranitar|Tyranitar, M|100\/100\n|-weather|Sandstorm|[from] ability: Sand Stream|[of] p2a: Tyranitar\n|turn|1\n|\n|t:|1664543979\n|move|p1a: Mew|Stealth Rock|p2a: Tyranitar\n|-sidestart|p2: duanran|move: Stealth Rock\n|move|p2a: Tyranitar|Crunch|p1a: Mew\n|-supereffective|p1a: Mew\n|-enditem|p1a: Mew|Focus Sash\n|-damage|p1a: Mew|1\/100\n|\n|-weather|Sandstorm|[upkeep]\n|-damage|p1a: Mew|0 fnt|[from] Sandstorm\n|faint|p1a: Mew\n|upkeep\n|\n|t:|1664543990\n|switch|p1a: Urshifu|Urshifu-Rapid-Strike, M|100\/100\n|turn|2\n|\n|t:|1664543995\n|switch|p2a: Azumarill|Azumarill, F|100\/100\n|-damage|p2a: Azumarill|88\/100|[from] Stealth Rock\n|move|p1a: Urshifu|Close Combat|p2a: Azumarill\n|-resisted|p2a: Azumarill\n|-damage|p2a: Azumarill|59\/100\n|-unboost|p1a: Urshifu|def|1\n|-unboost|p1a: Urshifu|spd|1\n|\n|-weather|Sandstorm|[upkeep]\n|-damage|p1a: Urshifu|94\/100|[from] Sandstorm\n|-damage|p2a: Azumarill|53\/100|[from] Sandstorm\n|upkeep\n|turn|3\n|\n|t:|1664544009\n|move|p1a: Urshifu|U-turn|p2a: Azumarill\n|-resisted|p2a: Azumarill\n|-damage|p2a: Azumarill|42\/100\n|\n|t:|1664544014\n|switch|p1a: Kartana|Kartana|100\/100|[from]move: U-turn\n|move|p2a: Azumarill|Liquidation|p1a: Kartana\n|-resisted|p1a: Kartana\n|-damage|p1a: Kartana|72\/100\n|\n|-weather|Sandstorm|[upkeep]\n|-damage|p2a: Azumarill|36\/100|[from] Sandstorm\n|upkeep\n|turn|4\n|\n|t:|1664544032\n|switch|p2a: Kartana|Kartana|100\/100\n|-damage|p2a: Kartana|94\/100|[from] Stealth Rock\n|move|p1a: Kartana|Swords Dance|p1a: Kartana\n|-boost|p1a: Kartana|atk|2\n|\n|-weather|Sandstorm|[upkeep]\n|upkeep\n|turn|5\n|\n|t:|1664544041\n|move|p2a: Kartana|Sacred Sword|p1a: Kartana\n|-supereffective|p1a: Kartana\n|-damage|p1a: Kartana|0 fnt\n|faint|p1a: Kartana\n|-ability|p2a: Kartana|Beast Boost|boost\n|-boost|p2a: Kartana|atk|1\n|\n|-weather|none\n|upkeep\n|\n|t:|1664544049\n|switch|p1a: Dragapult|Dragapult, M|100\/100\n|turn|6\n|\n|t:|1664544054\n|switch|p2a: Tyranitar|Tyranitar, M|100\/100\n|-damage|p2a: Tyranitar|88\/100|[from] Stealth Rock\n|-weather|Sandstorm|[from] ability: Sand Stream|[of] p2a: Tyranitar\n|move|p1a: Dragapult|Dragon Dance|p1a: Dragapult\n|-boost|p1a: Dragapult|atk|1\n|-boost|p1a: Dragapult|spe|1\n|\n|-weather|Sandstorm|[upkeep]\n|-damage|p1a: Dragapult|95\/100|[from] Sandstorm\n|upkeep\n|turn|7\n|\n|t:|1664544065\n|move|p1a: Dragapult|Dragon Darts|p2a: Tyranitar\n|-damage|p2a: Tyranitar|45\/100\n|-anim|p1a: Dragapult|Dragon Darts|p2a: Tyranitar\n|-damage|p2a: Tyranitar|4\/100\n|-damage|p1a: Dragapult|85\/100|[from] item: Life Orb\n|move|p2a: Tyranitar|Crunch|p1a: Dragapult\n|-supereffective|p1a: Dragapult\n|-damage|p1a: Dragapult|0 fnt\n|faint|p1a: Dragapult\n|\n|-weather|Sandstorm|[upkeep]\n|upkeep\n|\n|t:|1664544078\n|switch|p1a: Urshifu|Urshifu-Rapid-Strike, M|94\/100\n|turn|8\n|\n|t:|1664544083\n|move|p1a: Urshifu|U-turn|p2a: Tyranitar\n|-supereffective|p2a: Tyranitar\n|-damage|p2a: Tyranitar|0 fnt\n|faint|p2a: Tyranitar\n|\n|t:|1664544088\n|switch|p1a: Nidoking|Nidoking, M|100\/100|[from]move: U-turn\n|\n|-weather|Sandstorm|[upkeep]\n|upkeep\n|\n|t:|1664544109\n|switch|p2a: Rillaboom|Rillaboom, M|100\/100\n|-damage|p2a: Rillaboom|88\/100|[from] Stealth Rock\n|-fieldstart|move: Grassy Terrain|[from] ability: Grassy Surge|[of] p2a: Rillaboom\n|turn|9\n|j| nightsuwu\n|\n|t:|1664544114\n|move|p2a: Rillaboom|Grassy Glide|p1a: Nidoking\n|-damage|p1a: Nidoking|22\/100\n|move|p1a: Nidoking|Flamethrower|p2a: Rillaboom\n|-supereffective|p2a: Rillaboom\n|-crit|p2a: Rillaboom\n|-damage|p2a: Rillaboom|0 fnt\n|faint|p2a: Rillaboom\n|\n|-weather|Sandstorm|[upkeep]\n|-heal|p1a: Nidoking|28\/100|[from] Grassy Terrain\n|upkeep\n|-message|damorush forfeited.\n|\n|win|duanran\n|raw|damorush's rating: 1630 &rarr; <strong>1612<\/strong><br \/>(-18 for losing)\n|raw|duanran's rating: 1658 &rarr; <strong>1676<\/strong><br \/>(+18 for winning)\n|l|\u2606damorush\n|l|\u2606duanran\n","uploadtime":1664544147,"views":6,"p1id":"damorush","p2id":"duanran","formatid":"gen8ou","rating":1612,"private":0,"password":null}