{"id":"gen8ou-1275149761","p1":"BugCatcherWeevil","p2":"yau5","format":"gen8ou","log":"|html|<div class=\"broadcast-blue\"><strong>[Gen 8] OU is currently suspecting Spectrier! For information on how to participate check out the <a href=\"https:\/\/www.smogon.com\/forums\/threads\/np-ss-ou-suspect-process-round-9-old-town-road.3676744\/\">suspect thread<\/a>.<\/strong><\/div>\n|j|\u2606BugCatcherWeevil\n|j|\u2606yau5\n|t:|1612350436\n|player|p1|BugCatcherWeevil|7|1620\n|player|p2|yau5|1|1587\n|teamsize|p1|6\n|teamsize|p2|6\n|gametype|singles\n|gen|8\n|tier|[Gen 8] OU\n|rated|\n|clearpoke\n|poke|p1|Cinderace, F|\n|poke|p1|Kyurem|\n|poke|p1|Jirachi|\n|poke|p1|Hippowdon, F|\n|poke|p1|Dragapult, M|\n|poke|p1|Mandibuzz, F|\n|poke|p2|Pelipper, M|\n|poke|p2|Zapdos|\n|poke|p2|Barraskewda, M|\n|poke|p2|Ferrothorn, F|\n|poke|p2|Garchomp, M|\n|poke|p2|Azumarill, F|\n|rule|Sleep Clause Mod: Limit one foe put to sleep\n|rule|Species Clause: Limit one of each Pok\u00e9mon\n|rule|OHKO Clause: OHKO moves are banned\n|rule|Evasion Moves Clause: Evasion moves are banned\n|rule|Endless Battle Clause: Forcing endless battles is banned\n|rule|HP Percentage Mod: HP is shown in percentages\n|rule|Dynamax Clause: You cannot dynamax\n|teampreview\n|\n|t:|1612350453\n|start\n|switch|p1a: Dragapult|Dragapult, M|100\/100\n|switch|p2a: Pelipper|Pelipper, M|100\/100\n|-weather|RainDance|[from] ability: Drizzle|[of] p2a: Pelipper\n|turn|1\n|\n|t:|1612350466\n|switch|p2a: Ferrothorn|Ferrothorn, F|100\/100\n|move|p1a: Dragapult|Shadow Ball|p2a: Ferrothorn\n|-damage|p2a: Ferrothorn|64\/100\n|-unboost|p2a: Ferrothorn|spd|1\n|\n|-weather|RainDance|[upkeep]\n|-heal|p2a: Ferrothorn|70\/100|[from] item: Leftovers\n|upkeep\n|turn|2\n|\n|t:|1612350486\n|move|p1a: Dragapult|Shadow Ball|p2a: Ferrothorn\n|-damage|p2a: Ferrothorn|20\/100\n|move|p2a: Ferrothorn|Knock Off|p1a: Dragapult\n|-supereffective|p1a: Dragapult\n|-crit|p1a: Dragapult\n|-damage|p1a: Dragapult|11\/100\n|-enditem|p1a: Dragapult|Choice Specs|[from] move: Knock Off|[of] p2a: Ferrothorn\n|\n|-weather|RainDance|[upkeep]\n|-heal|p2a: Ferrothorn|26\/100|[from] item: Leftovers\n|upkeep\n|turn|3\n|\n|t:|1612350496\n|switch|p2a: Garchomp|Garchomp, M|100\/100\n|move|p1a: Dragapult|Shadow Ball|p2a: Garchomp\n|-damage|p2a: Garchomp|67\/100\n|\n|-weather|RainDance|[upkeep]\n|upkeep\n|turn|4\n|\n|t:|1612350510\n|move|p1a: Dragapult|Draco Meteor|p2a: Garchomp\n|-supereffective|p2a: Garchomp\n|-damage|p2a: Garchomp|0 fnt\n|-unboost|p1a: Dragapult|spa|2\n|faint|p2a: Garchomp\n|\n|-weather|RainDance|[upkeep]\n|upkeep\n|\n|t:|1612350518\n|switch|p2a: Barraskewda|Barraskewda, M|100\/100\n|turn|5\n|\n|t:|1612350523\n|switch|p1a: Hippowdon|Hippowdon, F|100\/100\n|-weather|Sandstorm|[from] ability: Sand Stream|[of] p1a: Hippowdon\n|move|p2a: Barraskewda|Liquidation|p1a: Hippowdon\n|-supereffective|p1a: Hippowdon\n|-damage|p1a: Hippowdon|31\/100\n|-damage|p2a: Barraskewda|84\/100|[from] item: Rocky Helmet|[of] p1a: Hippowdon\n|\n|-weather|Sandstorm|[upkeep]\n|-damage|p2a: Barraskewda|78\/100|[from] Sandstorm\n|upkeep\n|turn|6\n|\n|t:|1612350535\n|switch|p1a: Mandibuzz|Mandibuzz, F|100\/100\n|move|p2a: Barraskewda|Liquidation|p1a: Mandibuzz\n|-damage|p1a: Mandibuzz|54\/100\n|\n|-weather|Sandstorm|[upkeep]\n|-damage|p2a: Barraskewda|72\/100|[from] Sandstorm\n|upkeep\n|turn|7\n|\n|t:|1612350543\n|switch|p2a: Pelipper|Pelipper, M|100\/100\n|-weather|RainDance|[from] ability: Drizzle|[of] p2a: Pelipper\n|move|p1a: Mandibuzz|U-turn|p2a: Pelipper\n|-resisted|p2a: Pelipper\n|-damage|p2a: Pelipper|96\/100\n|\n|t:|1612350549\n|switch|p1a: Kyurem|Kyurem|100\/100|[from]move: U-turn\n|-ability|p1a: Kyurem|Pressure\n|\n|-weather|RainDance|[upkeep]\n|upkeep\n|turn|8\n|\n|t:|1612350560\n|switch|p2a: Ferrothorn|Ferrothorn, F|26\/100\n|move|p1a: Kyurem|Freeze-Dry|p2a: Ferrothorn\n|-damage|p2a: Ferrothorn|0 fnt\n|faint|p2a: Ferrothorn\n|\n|-weather|RainDance|[upkeep]\n|upkeep\n|\n|t:|1612350566\n|switch|p2a: Barraskewda|Barraskewda, M|72\/100\n|turn|9\n|\n|t:|1612350577\n|switch|p1a: Jirachi|Jirachi|100\/100\n|move|p2a: Barraskewda|Close Combat|p1a: Jirachi\n|-damage|p1a: Jirachi|43\/100\n|-unboost|p2a: Barraskewda|def|1\n|-unboost|p2a: Barraskewda|spd|1\n|\n|-weather|RainDance|[upkeep]\n|-heal|p1a: Jirachi|49\/100|[from] item: Leftovers\n|upkeep\n|turn|10\n|\n|t:|1612350587\n|switch|p2a: Azumarill|Azumarill, F|100\/100\n|switch|p1a: Dragapult|Dragapult, M|11\/100\n|\n|-weather|RainDance|[upkeep]\n|upkeep\n|turn|11\n|\n|t:|1612350593\n|switch|p1a: Jirachi|Jirachi|49\/100\n|move|p2a: Azumarill|Aqua Jet|p1a: Jirachi\n|-damage|p1a: Jirachi|4\/100\n|\n|-weather|RainDance|[upkeep]\n|-heal|p1a: Jirachi|10\/100|[from] item: Leftovers\n|upkeep\n|turn|12\n|\n|t:|1612350601\n|move|p2a: Azumarill|Aqua Jet|p1a: Jirachi\n|-damage|p1a: Jirachi|0 fnt\n|faint|p1a: Jirachi\n|\n|-weather|RainDance|[upkeep]\n|upkeep\n|\n|t:|1612350606\n|switch|p1a: Kyurem|Kyurem|100\/100\n|-ability|p1a: Kyurem|Pressure\n|turn|13\n|\n|t:|1612350615\n|move|p2a: Azumarill|Aqua Jet|p1a: Kyurem\n|-resisted|p1a: Kyurem\n|-damage|p1a: Kyurem|73\/100\n|move|p1a: Kyurem|Freeze-Dry|p2a: Azumarill\n|-supereffective|p2a: Azumarill\n|-damage|p2a: Azumarill|0 fnt\n|faint|p2a: Azumarill\n|\n|-weather|RainDance|[upkeep]\n|upkeep\n|\n|t:|1612350622\n|switch|p2a: Barraskewda|Barraskewda, M|72\/100\n|turn|14\n|\n|t:|1612350635\n|switch|p1a: Hippowdon|Hippowdon, F|31\/100\n|-weather|Sandstorm|[from] ability: Sand Stream|[of] p1a: Hippowdon\n|move|p2a: Barraskewda|Close Combat|p1a: Hippowdon\n|-damage|p1a: Hippowdon|0 fnt\n|-unboost|p2a: Barraskewda|def|1\n|-unboost|p2a: Barraskewda|spd|1\n|-damage|p2a: Barraskewda|56\/100|[from] item: Rocky Helmet|[of] p1a: Hippowdon\n|faint|p1a: Hippowdon\n|\n|-weather|Sandstorm|[upkeep]\n|-damage|p2a: Barraskewda|50\/100|[from] Sandstorm\n|upkeep\n|\n|t:|1612350648\n|switch|p1a: Dragapult|Dragapult, M|11\/100\n|turn|15\n|\n|t:|1612350653\n|switch|p2a: Pelipper|Pelipper, M|96\/100\n|-weather|RainDance|[from] ability: Drizzle|[of] p2a: Pelipper\n|move|p1a: Dragapult|U-turn|p2a: Pelipper\n|-resisted|p2a: Pelipper\n|-damage|p2a: Pelipper|90\/100\n|\n|t:|1612350661\n|switch|p1a: Kyurem|Kyurem|73\/100|[from]move: U-turn\n|-ability|p1a: Kyurem|Pressure\n|\n|-weather|RainDance|[upkeep]\n|upkeep\n|turn|16\n|j| Shane Tsung\n|\n|t:|1612350671\n|move|p1a: Kyurem|Freeze-Dry|p2a: Pelipper\n|-supereffective|p2a: Pelipper\n|-damage|p2a: Pelipper|0 fnt\n|faint|p2a: Pelipper\n|\n|-weather|RainDance|[upkeep]\n|upkeep\n|\n|t:|1612350679\n|switch|p2a: Zapdos|Zapdos|100\/100\n|turn|17\n|\n|t:|1612350691\n|switch|p1a: Cinderace|Cinderace, F|100\/100\n|move|p2a: Zapdos|Hurricane|p1a: Cinderace\n|-damage|p1a: Cinderace|16\/100\n|-start|p1a: Cinderace|confusion\n|\n|-weather|RainDance|[upkeep]\n|upkeep\n|turn|18\n|\n|t:|1612350700\n|-activate|p1a: Cinderace|confusion\n|move|p1a: Cinderace|Zen Headbutt|p2a: Zapdos\n|-start|p1a: Cinderace|typechange|Psychic|[from] ability: Libero\n|-damage|p2a: Zapdos|53\/100\n|-status|p1a: Cinderace|par|[from] ability: Static|[of] p2a: Zapdos\n|move|p2a: Zapdos|Hurricane|p1a: Cinderace\n|-damage|p1a: Cinderace|0 fnt\n|faint|p1a: Cinderace\n|\n|-weather|RainDance|[upkeep]\n|upkeep\n|j| ulosesir\n|\n|t:|1612350714\n|switch|p1a: Dragapult|Dragapult, M|11\/100\n|turn|19\n|\n|t:|1612350721\n|move|p1a: Dragapult|Draco Meteor|p2a: Zapdos\n|-damage|p2a: Zapdos|0 fnt\n|-unboost|p1a: Dragapult|spa|2\n|faint|p2a: Zapdos\n|\n|-weather|RainDance|[upkeep]\n|upkeep\n|\n|t:|1612350726\n|switch|p2a: Barraskewda|Barraskewda, M|50\/100\n|turn|20\n|\n|t:|1612350729\n|move|p2a: Barraskewda|Liquidation|p1a: Dragapult\n|-resisted|p1a: Dragapult\n|-damage|p1a: Dragapult|0 fnt\n|faint|p1a: Dragapult\n|\n|-weather|RainDance|[upkeep]\n|upkeep\n|\n|t:|1612350735\n|switch|p1a: Mandibuzz|Mandibuzz, F|54\/100\n|turn|21\n|\n|t:|1612350740\n|move|p2a: Barraskewda|Liquidation|p1a: Mandibuzz\n|-damage|p1a: Mandibuzz|0 fnt\n|faint|p1a: Mandibuzz\n|\n|-weather|RainDance|[upkeep]\n|upkeep\n|\n|t:|1612350745\n|switch|p1a: Kyurem|Kyurem|73\/100\n|-ability|p1a: Kyurem|Pressure\n|turn|22\n|\n|t:|1612350749\n|move|p2a: Barraskewda|Liquidation|p1a: Kyurem\n|-resisted|p1a: Kyurem\n|-damage|p1a: Kyurem|26\/100\n|move|p1a: Kyurem|Freeze-Dry|p2a: Barraskewda\n|-supereffective|p2a: Barraskewda\n|-damage|p2a: Barraskewda|0 fnt\n|faint|p2a: Barraskewda\n|\n|win|BugCatcherWeevil\n|raw|BugCatcherWeevil's rating: 1620 &rarr; <strong>1638<\/strong><br \/>(+18 for winning)\n|raw|yau5's rating: 1586 &rarr; <strong>1568<\/strong><br \/>(-18 for losing)\n|l|\u2606yau5\n","uploadtime":1612351097,"views":13,"p1id":"bugcatcherweevil","p2id":"yau5","formatid":"gen8ou","rating":1568,"private":0,"password":null}