{"id":"gen8ou-1370422724","p1":"LT81YL Trognon","p2":"Orangesss","format":"gen8ou","log":"|raw|<div class=\"broadcast-blue\"><strong>This battle is required to be public due to a player having a name starting with 'lt81yl'.<\/div>\n|j|\u2606LT81YL Trognon\n|j|\u2606Orangesss\n|t:|1625411228\n|gametype|singles\n|player|p1|LT81YL Trognon|lucian|1643\n|player|p2|Orangesss|silver|1647\n|teamsize|p1|6\n|teamsize|p2|6\n|gen|8\n|tier|[Gen 8] OU\n|rated|\n|rule|Sleep Clause Mod: Limit one foe put to sleep\n|rule|Species Clause: Limit one of each Pok\u00e9mon\n|rule|OHKO Clause: OHKO moves are banned\n|rule|Evasion Moves Clause: Evasion moves are banned\n|rule|Endless Battle Clause: Forcing endless battles is banned\n|rule|HP Percentage Mod: HP is shown in percentages\n|rule|Dynamax Clause: You cannot dynamax\n|clearpoke\n|poke|p1|Nidoking, M|\n|poke|p1|Dragapult, F|\n|poke|p1|Heatran, M|\n|poke|p1|Urshifu-*, M|\n|poke|p1|Slowking, M|\n|poke|p1|Corviknight, F|\n|poke|p2|Pelipper, F|\n|poke|p2|Barraskewda, F|\n|poke|p2|Ferrothorn, F|\n|poke|p2|Seismitoad, F|\n|poke|p2|Tapu Koko|\n|poke|p2|Tornadus-Therian, M|\n|teampreview\n|c|\u2606LT81YL Trognon|hf\n|inactive|Battle timer is ON: inactive players will automatically lose when time's up. (requested by Orangesss)\n|\n|t:|1625411253\n|start\n|switch|p1a: Slowking|Slowking, M|100\/100\n|switch|p2a: Big Gulp sponsor|Pelipper, F|100\/100\n|-weather|RainDance|[from] ability: Drizzle|[of] p2a: Big Gulp sponsor\n|turn|1\n|c|\u2606Orangesss|how oly\n|c|\u2606Orangesss|olt?\n|c|\u2606LT81YL Trognon|y\n|\n|t:|1625411269\n|move|p2a: Big Gulp sponsor|U-turn|p1a: Slowking\n|-supereffective|p1a: Slowking\n|-damage|p1a: Slowking|83\/100\n|\n|t:|1625411272\n|switch|p2a: Hates rain|Ferrothorn, F|100\/100|[from]move: U-turn\n|move|p1a: Slowking|Future Sight|p2a: Hates rain\n|-start|p1a: Slowking|move: Future Sight\n|\n|-weather|RainDance|[upkeep]\n|upkeep\n|turn|2\n|\n|t:|1625411277\n|switch|p1a: Heatran|Heatran, M|100\/100\n|move|p2a: Hates rain|Knock Off|p1a: Heatran\n|-damage|p1a: Heatran|84\/100\n|-enditem|p1a: Heatran|Leftovers|[from] move: Knock Off|[of] p2a: Hates rain\n|\n|-weather|RainDance|[upkeep]\n|upkeep\n|turn|3\n|\n|t:|1625411285\n|move|p1a: Heatran|Stealth Rock|p2a: Hates rain\n|-sidestart|p2: Orangesss|move: Stealth Rock\n|move|p2a: Hates rain|Spikes|p1a: Heatran\n|-sidestart|p1: LT81YL Trognon|Spikes\n|\n|-weather|RainDance|[upkeep]\n|-end|p2a: Hates rain|move: Future Sight\n|-resisted|p2a: Hates rain\n|-damage|p2a: Hates rain|82\/100\n|-heal|p2a: Hates rain|88\/100|[from] item: Leftovers\n|upkeep\n|turn|4\n|\n|t:|1625411290\n|switch|p2a: Agent \u00a5|Seismitoad, F|100\/100\n|-damage|p2a: Agent \u00a5|95\/100|[from] Stealth Rock\n|move|p1a: Heatran|Magma Storm|p2a: Agent \u00a5|[miss]\n|-miss|p1a: Heatran|p2a: Agent \u00a5\n|\n|-weather|RainDance|[upkeep]\n|upkeep\n|turn|5\n|\n|t:|1625411296\n|switch|p1a: Slowking|Slowking, M|100\/100\n|move|p2a: Agent \u00a5|Surf|p1a: Slowking\n|-resisted|p1a: Slowking\n|-damage|p1a: Slowking|78\/100\n|-damage|p2a: Agent \u00a5|85\/100|[from] item: Life Orb\n|\n|-weather|RainDance|[upkeep]\n|upkeep\n|turn|6\n|\n|t:|1625411306\n|switch|p2a: Tornadus|Tornadus-Therian, M|100\/100\n|move|p1a: Slowking|Teleport|p1a: Slowking\n|\n|t:|1625411326\n|switch|p1a: Dragapult|Dragapult, F|100\/100|[from]move: Teleport\n|-damage|p1a: Dragapult|88\/100|[from] Spikes\n|\n|-weather|RainDance|[upkeep]\n|upkeep\n|turn|7\n|\n|t:|1625411342\n|move|p1a: Dragapult|Shadow Ball|p2a: Tornadus\n|-damage|p2a: Tornadus|41\/100\n|move|p2a: Tornadus|Knock Off|p1a: Dragapult\n|-supereffective|p1a: Dragapult\n|-damage|p1a: Dragapult|31\/100\n|-enditem|p1a: Dragapult|Choice Specs|[from] move: Knock Off|[of] p2a: Tornadus\n|\n|-weather|RainDance|[upkeep]\n|upkeep\n|turn|8\n|\n|t:|1625411355\n|switch|p2a: Hates rain|Ferrothorn, F|88\/100\n|-damage|p2a: Hates rain|82\/100|[from] Stealth Rock\n|move|p1a: Dragapult|Shadow Ball|p2a: Hates rain\n|-damage|p2a: Hates rain|52\/100\n|\n|-weather|none\n|-heal|p2a: Hates rain|58\/100|[from] item: Leftovers\n|upkeep\n|turn|9\n|\n|t:|1625411359\n|move|p1a: Dragapult|Shadow Ball|p2a: Hates rain\n|-damage|p2a: Hates rain|27\/100\n|move|p2a: Hates rain|Gyro Ball|p1a: Dragapult\n|-crit|p1a: Dragapult\n|-damage|p1a: Dragapult|0 fnt\n|faint|p1a: Dragapult\n|\n|-heal|p2a: Hates rain|33\/100|[from] item: Leftovers\n|upkeep\n|\n|t:|1625411363\n|switch|p1a: Urshifu|Urshifu-Rapid-Strike, M|100\/100\n|-damage|p1a: Urshifu|88\/100|[from] Spikes\n|turn|10\n|\n|t:|1625411373\n|switch|p2a: Tornadus|Tornadus-Therian, M|74\/100\n|move|p1a: Urshifu|Close Combat|p2a: Tornadus\n|-resisted|p2a: Tornadus\n|-damage|p2a: Tornadus|39\/100\n|-unboost|p1a: Urshifu|def|1\n|-unboost|p1a: Urshifu|spd|1\n|\n|upkeep\n|turn|11\n|inactive|Orangesss has 120 seconds left.\n|\n|t:|1625411404\n|switch|p1a: Corviknight|Corviknight, F|100\/100\n|-ability|p1a: Corviknight|Pressure\n|move|p2a: Tornadus|U-turn|p1a: Corviknight\n|-resisted|p1a: Corviknight\n|-damage|p1a: Corviknight|98\/100\n|inactive|Orangesss has 120 seconds left.\n|\n|t:|1625411413\n|switch|p2a: Big Gulp sponsor|Pelipper, F|100\/100|[from]move: U-turn\n|-damage|p2a: Big Gulp sponsor|76\/100|[from] Stealth Rock\n|-weather|RainDance|[from] ability: Drizzle|[of] p2a: Big Gulp sponsor\n|\n|-weather|RainDance|[upkeep]\n|-heal|p1a: Corviknight|100\/100|[from] item: Leftovers\n|upkeep\n|turn|12\n|\n|t:|1625411420\n|move|p1a: Corviknight|U-turn|p2a: Big Gulp sponsor\n|-resisted|p2a: Big Gulp sponsor\n|-damage|p2a: Big Gulp sponsor|71\/100\n|\n|t:|1625411423\n|switch|p1a: Slowking|Slowking, M|100\/100|[from]move: U-turn\n|move|p2a: Big Gulp sponsor|Defog|p1a: Slowking\n|-unboost|p1a: Slowking|evasion|1\n|-sideend|p1: LT81YL Trognon|Spikes|[from] move: Defog|[of] p2a: Big Gulp sponsor\n|-sideend|p2: Orangesss|Stealth Rock|[from] move: Defog|[of] p2a: Big Gulp sponsor\n|\n|-weather|RainDance|[upkeep]\n|upkeep\n|turn|13\n|\n|t:|1625411436\n|move|p2a: Big Gulp sponsor|U-turn|p1a: Slowking\n|-supereffective|p1a: Slowking\n|-damage|p1a: Slowking|81\/100\n|\n|t:|1625411439\n|switch|p2a: Hates rain|Ferrothorn, F|33\/100|[from]move: U-turn\n|move|p1a: Slowking|Teleport|p1a: Slowking\n|\n|t:|1625411443\n|switch|p1a: Urshifu|Urshifu-Rapid-Strike, M|88\/100|[from]move: Teleport\n|\n|-weather|RainDance|[upkeep]\n|-heal|p2a: Hates rain|40\/100|[from] item: Leftovers\n|upkeep\n|turn|14\n|inactive|Orangesss has 120 seconds left.\n|\n|t:|1625411485\n|move|p1a: Urshifu|Surging Strikes|p2a: Hates rain\n|-resisted|p2a: Hates rain\n|-crit|p2a: Hates rain\n|-damage|p2a: Hates rain|31\/100\n|-activate|p2a: Hates rain|ability: Iron Barbs\n|-activate|p1a: Urshifu|item: Protective Pads\n|-resisted|p2a: Hates rain\n|-crit|p2a: Hates rain\n|-damage|p2a: Hates rain|23\/100\n|-activate|p2a: Hates rain|ability: Iron Barbs\n|-activate|p1a: Urshifu|item: Protective Pads\n|-resisted|p2a: Hates rain\n|-crit|p2a: Hates rain\n|-damage|p2a: Hates rain|14\/100\n|-activate|p2a: Hates rain|ability: Iron Barbs\n|-activate|p1a: Urshifu|item: Protective Pads\n|-hitcount|p2a: Hates rain|3\n|move|p2a: Hates rain|Spikes|p1a: Urshifu\n|-sidestart|p1: LT81YL Trognon|Spikes\n|\n|-weather|RainDance|[upkeep]\n|-heal|p2a: Hates rain|20\/100|[from] item: Leftovers\n|upkeep\n|turn|15\n|\n|t:|1625411502\n|move|p1a: Urshifu|Surging Strikes|p2a: Hates rain\n|-resisted|p2a: Hates rain\n|-crit|p2a: Hates rain\n|-damage|p2a: Hates rain|12\/100\n|-activate|p2a: Hates rain|ability: Iron Barbs\n|-activate|p1a: Urshifu|item: Protective Pads\n|-resisted|p2a: Hates rain\n|-crit|p2a: Hates rain\n|-damage|p2a: Hates rain|2\/100\n|-activate|p2a: Hates rain|ability: Iron Barbs\n|-activate|p1a: Urshifu|item: Protective Pads\n|-resisted|p2a: Hates rain\n|-crit|p2a: Hates rain\n|-damage|p2a: Hates rain|0 fnt\n|-activate|p2a: Hates rain|ability: Iron Barbs\n|-activate|p1a: Urshifu|item: Protective Pads\n|faint|p2a: Hates rain\n|-hitcount|p2: Hates rain|3\n|\n|-weather|RainDance|[upkeep]\n|upkeep\n|\n|t:|1625411511\n|switch|p2a: Tornadus|Tornadus-Therian, M|73\/100\n|turn|16\n|\n|t:|1625411514\n|move|p2a: Tornadus|U-turn|p1a: Urshifu\n|-resisted|p1a: Urshifu\n|-damage|p1a: Urshifu|81\/100\n|\n|t:|1625411522\n|switch|p2a: Agent \u00a5|Seismitoad, F|85\/100|[from]move: U-turn\n|move|p1a: Urshifu|Surging Strikes|p2a: Agent \u00a5\n|-crit|p2a: Agent \u00a5\n|-damage|p2a: Agent \u00a5|46\/100\n|-crit|p2a: Agent \u00a5\n|-damage|p2a: Agent \u00a5|9\/100\n|-crit|p2a: Agent \u00a5\n|-damage|p2a: Agent \u00a5|0 fnt\n|faint|p2a: Agent \u00a5\n|-hitcount|p2: Agent \u00a5|3\n|\n|-weather|RainDance|[upkeep]\n|upkeep\n|\n|t:|1625411526\n|switch|p2a: Tornadus|Tornadus-Therian, M|100\/100\n|turn|17\n|\n|t:|1625411529\n|switch|p1a: Slowking|Slowking, M|100\/100\n|move|p2a: Tornadus|U-turn|p1a: Slowking\n|-supereffective|p1a: Slowking\n|-damage|p1a: Slowking|68\/100\n|\n|t:|1625411533\n|switch|p2a: One fish two fish|Barraskewda, F|100\/100|[from]move: U-turn\n|\n|-weather|RainDance|[upkeep]\n|upkeep\n|turn|18\n|\n|t:|1625411545\n|switch|p1a: Heatran|Heatran, M|84\/100\n|-damage|p1a: Heatran|71\/100|[from] Spikes\n|move|p2a: One fish two fish|Crunch|p1a: Heatran\n|-damage|p1a: Heatran|31\/100\n|\n|-weather|none\n|upkeep\n|turn|19\n|\n|t:|1625411549\n|move|p2a: One fish two fish|Crunch|p1a: Heatran\n|-damage|p1a: Heatran|0 fnt\n|faint|p1a: Heatran\n|\n|upkeep\n|\n|t:|1625411552\n|switch|p1a: Urshifu|Urshifu-Rapid-Strike, M|81\/100\n|-damage|p1a: Urshifu|69\/100|[from] Spikes\n|turn|20\n|\n|t:|1625411559\n|switch|p2a: Tornadus|Tornadus-Therian, M|100\/100\n|move|p1a: Urshifu|Surging Strikes|p2a: Tornadus\n|-crit|p2a: Tornadus\n|-damage|p2a: Tornadus|79\/100\n|-crit|p2a: Tornadus\n|-damage|p2a: Tornadus|59\/100\n|-crit|p2a: Tornadus\n|-damage|p2a: Tornadus|39\/100\n|-hitcount|p2a: Tornadus|3\n|\n|upkeep\n|turn|21\n|\n|t:|1625411567\n|switch|p1a: Slowking|Slowking, M|100\/100\n|move|p2a: Tornadus|Hurricane|p1a: Slowking\n|-damage|p1a: Slowking|78\/100\n|\n|upkeep\n|turn|22\n|\n|t:|1625411576\n|move|p2a: Tornadus|Knock Off|p1a: Slowking\n|-supereffective|p1a: Slowking\n|-damage|p1a: Slowking|34\/100\n|-enditem|p1a: Slowking|Heavy-Duty Boots|[from] move: Knock Off|[of] p2a: Tornadus\n|move|p1a: Slowking|Future Sight|p2a: Tornadus\n|-start|p1a: Slowking|move: Future Sight\n|\n|upkeep\n|turn|23\n|\n|t:|1625411584\n|move|p2a: Tornadus|Knock Off|p1a: Slowking\n|-supereffective|p1a: Slowking\n|-damage|p1a: Slowking|7\/100\n|move|p1a: Slowking|Teleport|p1a: Slowking\n|\n|t:|1625411591\n|switch|p1a: Corviknight|Corviknight, F|100\/100|[from]move: Teleport\n|-ability|p1a: Corviknight|Pressure\n|\n|upkeep\n|turn|24\n|\n|t:|1625411609\n|move|p2a: Tornadus|Knock Off|p1a: Corviknight\n|-damage|p1a: Corviknight|87\/100\n|-enditem|p1a: Corviknight|Leftovers|[from] move: Knock Off|[of] p2a: Tornadus\n|move|p1a: Corviknight|U-turn|p2a: Tornadus\n|-resisted|p2a: Tornadus\n|-damage|p2a: Tornadus|32\/100\n|\n|t:|1625411614\n|switch|p1a: Slowking|Slowking, M|40\/100|[from]move: U-turn\n|-damage|p1a: Slowking|28\/100|[from] Spikes\n|\n|-end|p2a: Tornadus|move: Future Sight\n|-damage|p2a: Tornadus|0 fnt\n|faint|p2a: Tornadus\n|upkeep\n|l|\u2606Orangesss\n|inactive|Orangesss disconnected and has a minute to reconnect!\n|player|p2|\n|j|\u2606Orangesss\n|inactive|Orangesss reconnected and has 120 seconds left.\n|player|p2|Orangesss|silver\n|\n|t:|1625411653\n|switch|p2a: One fish two fish|Barraskewda, F|100\/100\n|turn|25\n|\n|t:|1625411665\n|switch|p1a: Urshifu|Urshifu-Rapid-Strike, M|69\/100\n|-damage|p1a: Urshifu|57\/100|[from] Spikes\n|move|p2a: One fish two fish|Flip Turn|p1a: Urshifu\n|-resisted|p1a: Urshifu\n|-damage|p1a: Urshifu|31\/100\n|inactive|Orangesss has 120 seconds left.\n|\n|t:|1625411670\n|switch|p2a: Speed Overdose|Tapu Koko|100\/100|[from]move: Flip Turn\n|-fieldstart|move: Electric Terrain|[from] ability: Electric Surge|[of] p2a: Speed Overdose\n|\n|upkeep\n|turn|26\n|\n|t:|1625411673\n|move|p2a: Speed Overdose|Dazzling Gleam|p1a: Urshifu\n|-supereffective|p1a: Urshifu\n|-damage|p1a: Urshifu|0 fnt\n|faint|p1a: Urshifu\n|\n|upkeep\n|\n|t:|1625411675\n|switch|p1a: Nidoking|Nidoking, M|100\/100\n|-damage|p1a: Nidoking|88\/100|[from] Spikes\n|turn|27\n|\n|t:|1625411680\n|switch|p2a: Big Gulp sponsor|Pelipper, F|71\/100\n|-weather|RainDance|[from] ability: Drizzle|[of] p2a: Big Gulp sponsor\n|move|p1a: Nidoking|Sludge Wave|p2a: Big Gulp sponsor\n|-damage|p2a: Big Gulp sponsor|0 fnt\n|faint|p2a: Big Gulp sponsor\n|\n|-weather|RainDance|[upkeep]\n|upkeep\n|\n|t:|1625411683\n|switch|p2a: One fish two fish|Barraskewda, F|100\/100\n|turn|28\n|\n|t:|1625411690\n|switch|p1a: Corviknight|Corviknight, F|87\/100\n|-ability|p1a: Corviknight|Pressure\n|move|p2a: One fish two fish|Liquidation|p1a: Corviknight\n|-damage|p1a: Corviknight|19\/100\n|\n|-weather|RainDance|[upkeep]\n|upkeep\n|turn|29\n|\n|t:|1625411695\n|move|p2a: One fish two fish|Liquidation|p1a: Corviknight\n|-damage|p1a: Corviknight|0 fnt\n|faint|p1a: Corviknight\n|\n|-weather|RainDance|[upkeep]\n|-fieldend|move: Electric Terrain\n|upkeep\n|\n|t:|1625411702\n|switch|p1a: Slowking|Slowking, M|61\/100\n|-damage|p1a: Slowking|48\/100|[from] Spikes\n|turn|30\n|\n|t:|1625411705\n|move|p2a: One fish two fish|Liquidation|p1a: Slowking\n|-resisted|p1a: Slowking\n|-damage|p1a: Slowking|0 fnt\n|faint|p1a: Slowking\n|\n|-weather|RainDance|[upkeep]\n|upkeep\n|c|\u2606LT81YL Trognon|gg\n|-message|LT81YL Trognon forfeited.\n|\n|win|Orangesss\n|raw|LT81YL Trognon's rating: 1643 &rarr; <strong>1623<\/strong><br \/>(-20 for losing)\n|raw|Orangesss's rating: 1647 &rarr; <strong>1667<\/strong><br \/>(+20 for winning)\n|l|\u2606LT81YL Trognon\n|c|\u2606Orangesss|gg\n||Ladder isn't responding, score probably updated but might not have (Request timeout).\n","uploadtime":1625411723,"views":12,"p1id":"lt81yltrognon","p2id":"orangesss","formatid":"gen8ou","rating":1623,"private":0,"password":null}