{"id":"gen8ou-1378256284","p1":"Orangesss","p2":"LT83AQ EL NANO","format":"gen8ou","log":"|raw|<div class=\"broadcast-blue\"><strong>This battle is required to be public due to a player having a name starting with 'lt83aq'.<\/div>\n|j|\u2606Orangesss\n|j|\u2606LT83AQ EL NANO\n|t:|1626458751\n|gametype|singles\n|player|p1|Orangesss|silver|1631\n|player|p2|LT83AQ EL NANO|barry|1805\n|teamsize|p1|6\n|teamsize|p2|6\n|gen|8\n|tier|[Gen 8] OU\n|rated|\n|rule|Sleep Clause Mod: Limit one foe put to sleep\n|rule|Species Clause: Limit one of each Pok\u00e9mon\n|rule|OHKO Clause: OHKO moves are banned\n|rule|Evasion Moves Clause: Evasion moves are banned\n|rule|Endless Battle Clause: Forcing endless battles is banned\n|rule|HP Percentage Mod: HP is shown in percentages\n|rule|Dynamax Clause: You cannot dynamax\n|clearpoke\n|poke|p1|Pelipper, M|\n|poke|p1|Barraskewda, M|\n|poke|p1|Ferrothorn, F|\n|poke|p1|Seismitoad, F|\n|poke|p1|Tapu Koko|\n|poke|p1|Tornadus-Therian, M|\n|poke|p2|Dragapult, F|\n|poke|p2|Volcarona, M|\n|poke|p2|Mew|\n|poke|p2|Garchomp, F|\n|poke|p2|Cloyster, F|\n|poke|p2|Bisharp, M|\n|teampreview\n|inactive|Battle timer is ON: inactive players will automatically lose when time's up. (requested by Orangesss)\n|inactive|LT83AQ EL NANO has 120 seconds left.\n|\n|t:|1626458802\n|start\n|switch|p1a: Speed Overdose|Tapu Koko|100\/100\n|switch|p2a: Mew|Mew|100\/100\n|-fieldstart|move: Electric Terrain|[from] ability: Electric Surge|[of] p1a: Speed Overdose\n|turn|1\n|\n|t:|1626458831\n|move|p1a: Speed Overdose|Volt Switch|p2a: Mew\n|-damage|p2a: Mew|49\/100\n|\n|t:|1626458835\n|switch|p1a: One fish two fish|Barraskewda, M|100\/100|[from]move: Volt Switch\n|move|p2a: Mew|Stealth Rock|p1a: One fish two fish\n|-sidestart|p1: Orangesss|move: Stealth Rock\n|\n|upkeep\n|turn|2\n|\n|t:|1626458840\n|move|p1a: One fish two fish|Crunch|p2a: Mew\n|-supereffective|p2a: Mew\n|-enditem|p2a: Mew|Colbur Berry|[eat]\n|-enditem|p2a: Mew|Colbur Berry|[weaken]\n|-damage|p2a: Mew|13\/100\n|-unboost|p2a: Mew|def|1\n|move|p2a: Mew|Spikes|p1a: One fish two fish\n|-sidestart|p1: Orangesss|Spikes\n|\n|upkeep\n|turn|3\n|\n|t:|1626458846\n|switch|p2a: Bisharp|Bisharp, M|100\/100\n|move|p1a: One fish two fish|Crunch|p2a: Bisharp\n|-resisted|p2a: Bisharp\n|-damage|p2a: Bisharp|75\/100\n|-unboost|p2a: Bisharp|def|1\n|-ability|p2a: Bisharp|Defiant\n|-boost|p2a: Bisharp|atk|2\n|\n|upkeep\n|turn|4\n|\n|t:|1626458856\n|switch|p1a: Speed Overdose|Tapu Koko|100\/100\n|-damage|p1a: Speed Overdose|88\/100|[from] Spikes\n|-damage|p1a: Speed Overdose|76\/100|[from] Stealth Rock\n|move|p2a: Bisharp|Knock Off|p1a: Speed Overdose\n|-resisted|p1a: Speed Overdose\n|-damage|p1a: Speed Overdose|0 fnt\n|-enditem|p1a: Speed Overdose|Choice Specs|[from] move: Knock Off|[of] p2a: Bisharp\n|faint|p1a: Speed Overdose\n|-damage|p2a: Bisharp|65\/100|[from] item: Life Orb\n|\n|upkeep\n|\n|t:|1626458859\n|switch|p1a: Agent \u00a5|Seismitoad, F|100\/100\n|-damage|p1a: Agent \u00a5|88\/100|[from] Spikes\n|-damage|p1a: Agent \u00a5|82\/100|[from] Stealth Rock\n|turn|5\n|\n|t:|1626458861\n|move|p2a: Bisharp|Sucker Punch|p1a: Agent \u00a5\n|-damage|p1a: Agent \u00a5|0 fnt\n|faint|p1a: Agent \u00a5\n|-damage|p2a: Bisharp|55\/100|[from] item: Life Orb\n|\n|-fieldend|move: Electric Terrain\n|upkeep\n|-message|Orangesss forfeited.\n|\n|win|LT83AQ EL NANO\n|l|\u2606Orangesss\n|raw|Orangesss's rating: 1631 &rarr; <strong>1621<\/strong><br \/>(-10 for losing)\n|raw|LT83AQ EL NANO's rating: 1826 &rarr; <strong>1836<\/strong><br \/>(+10 for winning)\n|l|\u2606LT83AQ EL NANO\n||Ladder isn't responding, score probably updated but might not have (Request timeout).\n","uploadtime":1626458914,"views":14,"p1id":"orangesss","p2id":"lt83aqelnano","formatid":"gen8ou","rating":1621,"private":0,"password":null}