{"id":"gen8ou-1590112002","p1":"HOF69","p2":"Quittingmonsongod","format":"gen8ou","log":"|j|\u2606HOF69\n|j|\u2606Quittingmonsongod\n|t:|1654480163\n|gametype|singles\n|player|p1|HOF69|red|1871\n|player|p2|Quittingmonsongod|irida|1907\n|teamsize|p1|6\n|teamsize|p2|6\n|gen|8\n|tier|[Gen 8] OU\n|rated|\n|rule|Sleep Clause Mod: Limit one foe put to sleep\n|rule|Species Clause: Limit one of each Pok\u00e9mon\n|rule|OHKO Clause: OHKO moves are banned\n|rule|Evasion Moves Clause: Evasion moves are banned\n|rule|Endless Battle Clause: Forcing endless battles is banned\n|rule|HP Percentage Mod: HP is shown in percentages\n|rule|Dynamax Clause: You cannot dynamax\n|clearpoke\n|poke|p1|Blacephalon|\n|poke|p1|Gengar, M|\n|poke|p1|Kartana|\n|poke|p1|Tapu Lele|\n|poke|p1|Krookodile, F|\n|poke|p1|Landorus-Therian, M|\n|poke|p2|Blaziken, M|\n|poke|p2|Torkoal, F|\n|poke|p2|Garchomp, F|\n|poke|p2|Victini|\n|poke|p2|Mandibuzz, F|\n|poke|p2|Heatran, M|\n|teampreview\n|\n|t:|1654480169\n|start\n|switch|p1a: Krookodile|Krookodile, F|100\/100\n|switch|p2a: Master Oogway|Torkoal, F|100\/100\n|-ability|p1a: Krookodile|Intimidate|boost\n|-unboost|p2a: Master Oogway|atk|1\n|-weather|SunnyDay|[from] ability: Drought|[of] p2a: Master Oogway\n|turn|1\n|inactive|Battle timer is ON: inactive players will automatically lose when time's up. (requested by Quittingmonsongod)\n|\n|t:|1654480173\n|move|p1a: Krookodile|Earthquake|p2a: Master Oogway\n|-supereffective|p2a: Master Oogway\n|-damage|p2a: Master Oogway|41\/100\n|move|p2a: Master Oogway|Body Press|p1a: Krookodile\n|-supereffective|p1a: Krookodile\n|-damage|p1a: Krookodile|15\/100\n|\n|-weather|SunnyDay|[upkeep]\n|upkeep\n|turn|2\n|\n|t:|1654480179\n|switch|p2a: Boner|Mandibuzz, F|100\/100\n|move|p1a: Krookodile|Stealth Rock|p2a: Boner\n|-sidestart|p2: Quittingmonsongod|move: Stealth Rock\n|\n|-weather|SunnyDay|[upkeep]\n|upkeep\n|turn|3\n|\n|t:|1654480181\n|move|p1a: Krookodile|Knock Off|p2a: Boner\n|-resisted|p2a: Boner\n|-damage|p2a: Boner|85\/100\n|-enditem|p2a: Boner|Heavy-Duty Boots|[from] move: Knock Off|[of] p1a: Krookodile\n|move|p2a: Boner|U-turn|p1a: Krookodile\n|-supereffective|p1a: Krookodile\n|-damage|p1a: Krookodile|0 fnt\n|faint|p1a: Krookodile\n|\n|t:|1654480185\n|switch|p2a: Blaze Kickin\u2019 Good|Blaziken, M|100\/100|[from]move: U-turn\n|-damage|p2a: Blaze Kickin\u2019 Good|88\/100|[from] Stealth Rock\n|\n|-weather|SunnyDay|[upkeep]\n|upkeep\n|j| funny mud pee\n|\n|t:|1654480205\n|switch|p1a: Gengar|Gengar, M, shiny|100\/100\n|turn|4\n|\n|t:|1654480213\n|move|p2a: Blaze Kickin\u2019 Good|Protect|p2a: Blaze Kickin\u2019 Good\n|-singleturn|p2a: Blaze Kickin\u2019 Good|Protect\n|move|p1a: Gengar|Sludge Wave|p2a: Blaze Kickin\u2019 Good\n|-activate|p2a: Blaze Kickin\u2019 Good|move: Protect\n|\n|-weather|SunnyDay|[upkeep]\n|-ability|p2a: Blaze Kickin\u2019 Good|Speed Boost|boost\n|-boost|p2a: Blaze Kickin\u2019 Good|spe|1\n|upkeep\n|turn|5\n|\n|t:|1654480217\n|move|p2a: Blaze Kickin\u2019 Good|Fire Blast|p1a: Gengar\n|-enditem|p1a: Gengar|Focus Sash\n|-damage|p1a: Gengar|1\/100\n|-damage|p2a: Blaze Kickin\u2019 Good|78\/100|[from] item: Life Orb\n|move|p1a: Gengar|Sludge Wave|p2a: Blaze Kickin\u2019 Good\n|-damage|p2a: Blaze Kickin\u2019 Good|5\/100\n|\n|-weather|SunnyDay|[upkeep]\n|-ability|p2a: Blaze Kickin\u2019 Good|Speed Boost|boost\n|-boost|p2a: Blaze Kickin\u2019 Good|spe|1\n|upkeep\n|turn|6\n|\n|t:|1654480227\n|move|p2a: Blaze Kickin\u2019 Good|Solar Beam||[still]\n|-prepare|p2a: Blaze Kickin\u2019 Good|Solar Beam\n|-anim|p2a: Blaze Kickin\u2019 Good|Solar Beam|p1a: Gengar\n|-resisted|p1a: Gengar\n|-damage|p1a: Gengar|0 fnt\n|faint|p1a: Gengar\n|-damage|p2a: Blaze Kickin\u2019 Good|0 fnt|[from] item: Life Orb\n|faint|p2a: Blaze Kickin\u2019 Good\n|\n|-weather|SunnyDay|[upkeep]\n|upkeep\n|\n|t:|1654480248\n|switch|p1a: Landorus|Landorus-Therian, M|100\/100\n|switch|p2a: Vector OH YEAH!!!|Victini|100\/100\n|-damage|p2a: Vector OH YEAH!!!|76\/100|[from] Stealth Rock\n|-ability|p1a: Landorus|Intimidate|boost\n|-unboost|p2a: Vector OH YEAH!!!|atk|1\n|turn|7\n|inactive|HOF69 has 120 seconds left.\n|\n|t:|1654480274\n|move|p2a: Vector OH YEAH!!!|U-turn|p1a: Landorus\n|-resisted|p1a: Landorus\n|-crit|p1a: Landorus\n|-damage|p1a: Landorus|87\/100\n|\n|t:|1654480278\n|switch|p2a: Yeetran|Heatran, M|100\/100|[from]move: U-turn\n|-damage|p2a: Yeetran|88\/100|[from] Stealth Rock\n|-item|p2a: Yeetran|Air Balloon\n|move|p1a: Landorus|Earthquake|p2a: Yeetran\n|-immune|p2a: Yeetran\n|\n|-weather|SunnyDay|[upkeep]\n|upkeep\n|turn|8\n|\n|t:|1654480283\n|move|p2a: Yeetran|Eruption|p1a: Landorus\n|-damage|p1a: Landorus|25\/100\n|move|p1a: Landorus|Knock Off|p2a: Yeetran\n|-damage|p2a: Yeetran|52\/100\n|-enditem|p2a: Yeetran|Air Balloon\n|\n|-weather|none\n|upkeep\n|turn|9\n|\n|t:|1654480290\n|move|p2a: Yeetran|Eruption|p1a: Landorus\n|-damage|p1a: Landorus|0 fnt\n|faint|p1a: Landorus\n|\n|upkeep\n|inactive|HOF69 has 120 seconds left.\n|\n|t:|1654480310\n|switch|p1a: Kartana|Kartana|100\/100\n|turn|10\n|\n|t:|1654480315\n|move|p1a: Kartana|Sacred Sword|p2a: Yeetran\n|-supereffective|p2a: Yeetran\n|-crit|p2a: Yeetran\n|-damage|p2a: Yeetran|0 fnt\n|faint|p2a: Yeetran\n|-ability|p1a: Kartana|Beast Boost|boost\n|-boost|p1a: Kartana|atk|1\n|\n|upkeep\n|\n|t:|1654480318\n|switch|p2a: Boner|Mandibuzz, F|85\/100\n|-damage|p2a: Boner|61\/100|[from] Stealth Rock\n|turn|11\n|\n|t:|1654480325\n|move|p1a: Kartana|Sacred Sword|p2a: Boner\n|-damage|p2a: Boner|20\/100\n|move|p2a: Boner|Roost|p2a: Boner\n|-heal|p2a: Boner|70\/100\n|-singleturn|p2a: Boner|move: Roost\n|\n|upkeep\n|turn|12\n|j| srtjhdtky\n|\n|t:|1654480331\n|move|p1a: Kartana|Swords Dance|p1a: Kartana\n|-boost|p1a: Kartana|atk|2\n|move|p2a: Boner|Roost|p2a: Boner\n|-heal|p2a: Boner|100\/100\n|-singleturn|p2a: Boner|move: Roost\n|\n|upkeep\n|turn|13\n|\n|t:|1654480333\n|move|p1a: Kartana|Sacred Sword|p2a: Boner\n|-damage|p2a: Boner|28\/100\n|move|p2a: Boner|Foul Play|p1a: Kartana\n|-crit|p1a: Kartana\n|-damage|p1a: Kartana|0 fnt\n|faint|p1a: Kartana\n|\n|upkeep\n|\n|t:|1654480355\n|switch|p1a: Tapu Lele|Tapu Lele|100\/100\n|-fieldstart|move: Psychic Terrain|[from] ability: Psychic Surge|[of] p1a: Tapu Lele\n|turn|14\n|\n|t:|1654480362\n|move|p1a: Tapu Lele|Moonblast|p2a: Boner\n|-supereffective|p2a: Boner\n|-damage|p2a: Boner|0 fnt\n|faint|p2a: Boner\n|\n|upkeep\n|\n|t:|1654480363\n|switch|p2a: Master Oogway|Torkoal, F|41\/100\n|-damage|p2a: Master Oogway|16\/100|[from] Stealth Rock\n|-weather|SunnyDay|[from] ability: Drought|[of] p2a: Master Oogway\n|turn|15\n|\n|t:|1654480389\n|switch|p2a: Vector OH YEAH!!!|Victini|76\/100\n|-damage|p2a: Vector OH YEAH!!!|51\/100|[from] Stealth Rock\n|move|p1a: Tapu Lele|Moonblast|p2a: Vector OH YEAH!!!\n|-resisted|p2a: Vector OH YEAH!!!\n|-damage|p2a: Vector OH YEAH!!!|25\/100\n|\n|-weather|SunnyDay|[upkeep]\n|upkeep\n|turn|16\n|inactive|HOF69 has 120 seconds left.\n|\n|t:|1654480412\n|switch|p1a: Blacephalon|Blacephalon|100\/100\n|move|p2a: Vector OH YEAH!!!|V-create|p1a: Blacephalon\n|-resisted|p1a: Blacephalon\n|-damage|p1a: Blacephalon|0 fnt\n|-unboost|p2a: Vector OH YEAH!!!|spe|1\n|-unboost|p2a: Vector OH YEAH!!!|def|1\n|-unboost|p2a: Vector OH YEAH!!!|spd|1\n|faint|p1a: Blacephalon\n|\n|-weather|SunnyDay|[upkeep]\n|upkeep\n|\n|t:|1654480417\n|switch|p1a: Tapu Lele|Tapu Lele|100\/100\n|turn|17\n|inactive|HOF69 has 120 seconds left.\n|\n|t:|1654480423\n|move|p2a: Vector OH YEAH!!!|V-create|p1a: Tapu Lele\n|-damage|p1a: Tapu Lele|0 fnt\n|-unboost|p2a: Vector OH YEAH!!!|spe|1\n|-unboost|p2a: Vector OH YEAH!!!|def|1\n|-unboost|p2a: Vector OH YEAH!!!|spd|1\n|faint|p1a: Tapu Lele\n|\n|win|Quittingmonsongod\n|raw|HOF69's rating: 1871 &rarr; <strong>1853<\/strong><br \/>(-18 for losing)\n|raw|Quittingmonsongod's rating: 1907 &rarr; <strong>1925<\/strong><br \/>(+18 for winning)\n|l|\u2606HOF69\n|c|\u2606Quittingmonsongod|gg\n||Ladder isn't responding, score probably updated but might not have (Request timeout).\n","uploadtime":1654480447,"views":128,"p1id":"hof69","p2id":"quittingmonsongod","formatid":"gen8ou","rating":1853,"private":0,"password":null}