{"id":"gen8ou-1677530902","p1":"Zemmour & Rick","p2":"bizarman","format":"gen8ou","log":"|j|\u2606Zemmour & Rick\n|j|\u2606bizarman\n|t:|1664904238\n|gametype|singles\n|player|p1|Zemmour & Rick|backers|1757\n|player|p2|bizarman|scientist-gen4|1728\n|teamsize|p1|6\n|teamsize|p2|6\n|gen|8\n|tier|[Gen 8] OU\n|rated|\n|rule|Sleep Clause Mod: Limit one foe put to sleep\n|rule|Species Clause: Limit one of each Pok\u00e9mon\n|rule|OHKO Clause: OHKO moves are banned\n|rule|Evasion Items Clause: Evasion items are banned\n|rule|Evasion Moves Clause: Evasion moves are banned\n|rule|Endless Battle Clause: Forcing endless battles is banned\n|rule|HP Percentage Mod: HP is shown in percentages\n|rule|Dynamax Clause: You cannot dynamax\n|clearpoke\n|poke|p1|Hatterene, F|\n|poke|p1|Cresselia, F|\n|poke|p1|Porygon2|\n|poke|p1|Torkoal, F|\n|poke|p1|Marowak-Alola, M|\n|poke|p1|Melmetal|\n|poke|p2|Dragonite, F|\n|poke|p2|Corviknight, F|\n|poke|p2|Landorus-Therian, M|\n|poke|p2|Tapu Lele|\n|poke|p2|Rotom-Wash|\n|poke|p2|Melmetal|\n|teampreview\n|inactive|Battle timer is ON: inactive players will automatically lose when time's up. (requested by bizarman)\n|\n|t:|1664904259\n|start\n|switch|p1a: Torkoal|Torkoal, F|100\/100\n|switch|p2a: Melmetal|Melmetal|100\/100\n|-weather|SunnyDay|[from] ability: Drought|[of] p1a: Torkoal\n|turn|1\n|\n|t:|1664904271\n|switch|p2a: Dragonite|Dragonite, F|100\/100\n|switch|p1a: Cresselia|Cresselia, F|100\/100\n|\n|-weather|SunnyDay|[upkeep]\n|upkeep\n|turn|2\n|\n|t:|1664904280\n|switch|p2a: Melmetal|Melmetal|100\/100\n|move|p1a: Cresselia|Ice Beam|p2a: Melmetal\n|-resisted|p2a: Melmetal\n|-damage|p2a: Melmetal|92\/100\n|\n|-weather|SunnyDay|[upkeep]\n|upkeep\n|turn|3\n|\n|t:|1664904286\n|move|p2a: Melmetal|Double Iron Bash|p1a: Cresselia\n|-damage|p1a: Cresselia|77\/100\n|-damage|p1a: Cresselia|53\/100\n|-hitcount|p1a: Cresselia|2\n|cant|p1a: Cresselia|flinch\n|\n|-weather|SunnyDay|[upkeep]\n|upkeep\n|turn|4\n|j| l1ch_n3kr0\n|\n|t:|1664904300\n|move|p2a: Melmetal|Double Iron Bash|p1a: Cresselia\n|-damage|p1a: Cresselia|30\/100\n|-damage|p1a: Cresselia|7\/100\n|-hitcount|p1a: Cresselia|2\n|cant|p1a: Cresselia|flinch\n|\n|-weather|SunnyDay|[upkeep]\n|upkeep\n|turn|5\n|j| Skgkkemdkd\n|\n|t:|1664904312\n|move|p1a: Cresselia|Moonlight|p1a: Cresselia\n|-heal|p1a: Cresselia|74\/100\n|move|p2a: Melmetal|Double Iron Bash|p1a: Cresselia\n|-damage|p1a: Cresselia|51\/100\n|-damage|p1a: Cresselia|30\/100\n|-hitcount|p1a: Cresselia|2\n|\n|-weather|none\n|upkeep\n|turn|6\n|\n|t:|1664904320\n|move|p1a: Cresselia|Moonlight|p1a: Cresselia\n|-heal|p1a: Cresselia|80\/100\n|move|p2a: Melmetal|Double Iron Bash|p1a: Cresselia\n|-damage|p1a: Cresselia|57\/100\n|-crit|p1a: Cresselia\n|-damage|p1a: Cresselia|23\/100\n|-hitcount|p1a: Cresselia|2\n|\n|upkeep\n|turn|7\n|\n|t:|1664904327\n|move|p1a: Cresselia|Moonlight|p1a: Cresselia\n|-heal|p1a: Cresselia|73\/100\n|move|p2a: Melmetal|Double Iron Bash|p1a: Cresselia\n|-damage|p1a: Cresselia|52\/100\n|-damage|p1a: Cresselia|30\/100\n|-hitcount|p1a: Cresselia|2\n|\n|upkeep\n|turn|8\n|l| Skgkkemdkd\n|\n|t:|1664904340\n|move|p1a: Cresselia|Moonlight|p1a: Cresselia\n|-heal|p1a: Cresselia|80\/100\n|move|p2a: Melmetal|Double Iron Bash|p1a: Cresselia\n|-damage|p1a: Cresselia|58\/100\n|-damage|p1a: Cresselia|33\/100\n|-hitcount|p1a: Cresselia|2\n|\n|upkeep\n|turn|9\n|j| Exodic\n|j| Finnus\n|\n|t:|1664904347\n|move|p1a: Cresselia|Moonlight|p1a: Cresselia\n|-heal|p1a: Cresselia|83\/100\n|move|p2a: Melmetal|Thunder Wave|p1a: Cresselia|[miss]\n|-miss|p2a: Melmetal|p1a: Cresselia\n|\n|upkeep\n|turn|10\n|\n|t:|1664904354\n|move|p2a: Melmetal|Thunder Punch|p1a: Cresselia\n|-damage|p1a: Cresselia|65\/100\n|move|p1a: Cresselia|Trick Room|p1a: Cresselia\n|-fieldstart|move: Trick Room|[of] p1a: Cresselia\n|\n|upkeep\n|turn|11\n|\n|t:|1664904358\n|switch|p1a: Melmetal|Melmetal|100\/100\n|move|p2a: Melmetal|Double Iron Bash|p1a: Melmetal\n|-resisted|p1a: Melmetal\n|-damage|p1a: Melmetal|89\/100\n|-resisted|p1a: Melmetal\n|-damage|p1a: Melmetal|77\/100\n|-hitcount|p1a: Melmetal|2\n|\n|upkeep\n|turn|12\n|\n|t:|1664904365\n|switch|p2a: Corviknight|Corviknight, F|100\/100\n|-ability|p2a: Corviknight|Pressure\n|move|p1a: Melmetal|Double Iron Bash|p2a: Corviknight\n|-resisted|p2a: Corviknight\n|-crit|p2a: Corviknight\n|-damage|p2a: Corviknight|71\/100\n|-damage|p1a: Melmetal|61\/100|[from] item: Rocky Helmet|[of] p2a: Corviknight\n|-resisted|p2a: Corviknight\n|-damage|p2a: Corviknight|50\/100\n|-damage|p1a: Melmetal|44\/100|[from] item: Rocky Helmet|[of] p2a: Corviknight\n|-hitcount|p2a: Corviknight|2\n|\n|upkeep\n|turn|13\n|\n|t:|1664904379\n|switch|p1a: Marowak|Marowak-Alola, M|100\/100\n|switch|p2a: Landorus|Landorus-Therian, M|100\/100\n|-ability|p2a: Landorus|Intimidate|boost\n|-unboost|p1a: Marowak|atk|1\n|\n|upkeep\n|turn|14\n|\n|t:|1664904388\n|switch|p1a: Hatterene|Hatterene, F|100\/100\n|move|p2a: Landorus|Earthquake|p1a: Hatterene\n|-damage|p1a: Hatterene|50\/100\n|\n|-fieldend|move: Trick Room\n|upkeep\n|turn|15\n|\n|t:|1664904393\n|switch|p1a: Cresselia|Cresselia, F|65\/100\n|move|p2a: Landorus|Earthquake|p1a: Cresselia\n|-immune|p1a: Cresselia|[from] ability: Levitate\n|\n|upkeep\n|turn|16\n|l| Finnus\n|\n|t:|1664904399\n|switch|p1a: Hatterene|Hatterene, F|50\/100\n|move|p2a: Landorus|Stealth Rock|p1a: Hatterene\n|move|p1a: Hatterene|Stealth Rock|p2a: Landorus|[from]ability: Magic Bounce\n|-sidestart|p2: bizarman|move: Stealth Rock\n|\n|upkeep\n|turn|17\n|\n|t:|1664904406\n|switch|p1a: Cresselia|Cresselia, F|65\/100\n|move|p2a: Landorus|Knock Off|p1a: Cresselia\n|-supereffective|p1a: Cresselia\n|-damage|p1a: Cresselia|36\/100\n|-enditem|p1a: Cresselia|Mental Herb|[from] move: Knock Off|[of] p2a: Landorus\n|\n|upkeep\n|turn|18\n|l| Exodic\n|\n|t:|1664904414\n|move|p2a: Landorus|Stealth Rock|p1a: Cresselia\n|-sidestart|p1: Zemmour & Rick|move: Stealth Rock\n|move|p1a: Cresselia|Moonlight|p1a: Cresselia\n|-heal|p1a: Cresselia|86\/100\n|\n|upkeep\n|turn|19\n|\n|t:|1664904419\n|move|p2a: Landorus|U-turn|p1a: Cresselia\n|-supereffective|p1a: Cresselia\n|-damage|p1a: Cresselia|64\/100\n|inactive|bizarman has 120 seconds left.\n|j| Congwuyu\n|\n|t:|1664904451\n|switch|p2a: Tapu Lele|Tapu Lele|100\/100|[from]move: U-turn\n|-damage|p2a: Tapu Lele|88\/100|[from] Stealth Rock\n|-fieldstart|move: Psychic Terrain|[from] ability: Psychic Surge|[of] p2a: Tapu Lele\n|move|p1a: Cresselia|Trick Room|p1a: Cresselia\n|-fieldstart|move: Trick Room|[of] p1a: Cresselia\n|\n|upkeep\n|turn|20\n|j| Jimmy Powka\n|inactive|bizarman has 120 seconds left.\n|\n|t:|1664904476\n|move|p1a: Cresselia|Lunar Dance|p1a: Cresselia\n|faint|p1a: Cresselia\n|move|p2a: Tapu Lele|Moonblast|p1: Cresselia|[notarget]\n|-fail|p2a: Tapu Lele\n|\n|upkeep\n|\n|t:|1664904481\n|switch|p1a: Marowak|Marowak-Alola, M|100\/100\n|-damage|p1a: Marowak|76\/100|[from] Stealth Rock\n|turn|21\n|inactive|bizarman has 120 seconds left.\n|\n|t:|1664904496\n|move|p1a: Marowak|Swords Dance|p1a: Marowak\n|-boost|p1a: Marowak|atk|2\n|move|p2a: Tapu Lele|Moonblast|p1a: Marowak\n|-resisted|p1a: Marowak\n|-damage|p1a: Marowak|45\/100\n|-unboost|p1a: Marowak|spa|1\n|\n|upkeep\n|turn|22\n|\n|t:|1664904504\n|move|p1a: Marowak|Flare Blitz|p2a: Tapu Lele\n|-damage|p2a: Tapu Lele|0 fnt\n|faint|p2a: Tapu Lele\n|\n|upkeep\n|\n|t:|1664904509\n|switch|p2a: Landorus|Landorus-Therian, M|100\/100\n|-damage|p2a: Landorus|88\/100|[from] Stealth Rock\n|-ability|p2a: Landorus|Intimidate|boost\n|-unboost|p1a: Marowak|atk|1\n|turn|23\n|\n|t:|1664904514\n|move|p1a: Marowak|Poltergeist|p2a: Landorus\n|-activate|p2a: Landorus|move: Poltergeist|Leftovers\n|-damage|p2a: Landorus|0 fnt\n|faint|p2a: Landorus\n|\n|-fieldend|move: Trick Room\n|-fieldend|move: Psychic Terrain\n|upkeep\n|\n|t:|1664904524\n|switch|p2a: Melmetal|Melmetal|92\/100\n|-damage|p2a: Melmetal|86\/100|[from] Stealth Rock\n|turn|24\n|\n|t:|1664904532\n|move|p2a: Melmetal|Double Iron Bash|p1a: Marowak\n|-resisted|p1a: Marowak\n|-damage|p1a: Marowak|23\/100\n|-resisted|p1a: Marowak\n|-damage|p1a: Marowak|2\/100\n|-hitcount|p1a: Marowak|2\n|cant|p1a: Marowak|flinch\n|\n|upkeep\n|turn|25\n|c| l1ch_n3kr0|oh noo\n|\n|t:|1664904555\n|move|p2a: Melmetal|Thunder Punch|p1a: Marowak\n|-damage|p1a: Marowak|0 fnt\n|faint|p1a: Marowak\n|\n|upkeep\n|\n|t:|1664904568\n|switch|p1a: Melmetal|Melmetal|44\/100\n|-heal|p1a: Melmetal|100\/100|[from] move: Lunar Dance\n|-damage|p1a: Melmetal|94\/100|[from] Stealth Rock\n|turn|26\n|c| l1ch_n3kr0|that was sad\n|\n|t:|1664904574\n|switch|p2a: Rotom|Rotom-Wash|100\/100\n|-damage|p2a: Rotom|88\/100|[from] Stealth Rock\n|move|p1a: Melmetal|Thunder Punch|p2a: Rotom\n|-crit|p2a: Rotom\n|-damage|p2a: Rotom|23\/100\n|\n|-heal|p2a: Rotom|29\/100|[from] item: Leftovers\n|upkeep\n|turn|27\n|\n|t:|1664904586\n|move|p2a: Rotom|Pain Split|p1a: Melmetal\n|-sethp|p1a: Melmetal|57\/100|[from] move: Pain Split|[silent]\n|-sethp|p2a: Rotom|88\/100|[from] move: Pain Split\n|move|p1a: Melmetal|Thunder Punch|p2a: Rotom\n|-damage|p2a: Rotom|43\/100\n|\n|-heal|p2a: Rotom|49\/100|[from] item: Leftovers\n|upkeep\n|turn|28\n|\n|t:|1664904594\n|switch|p1a: Porygon2|Porygon2|100\/100\n|-damage|p1a: Porygon2|88\/100|[from] Stealth Rock\n|-ability|p1a: Porygon2|Levitate|[from] ability: Trace|[of] p2a: Rotom\n|move|p2a: Rotom|Hydro Pump|p1a: Porygon2|[miss]\n|-miss|p2a: Rotom|p1a: Porygon2\n|\n|-heal|p2a: Rotom|55\/100|[from] item: Leftovers\n|upkeep\n|turn|29\n|\n|t:|1664904604\n|move|p2a: Rotom|Pain Split|p1a: Porygon2\n|-sethp|p1a: Porygon2|66\/100|[from] move: Pain Split|[silent]\n|-sethp|p2a: Rotom|81\/100|[from] move: Pain Split\n|move|p1a: Porygon2|Trick Room|p1a: Porygon2\n|-fieldstart|move: Trick Room|[of] p1a: Porygon2\n|\n|-heal|p2a: Rotom|88\/100|[from] item: Leftovers\n|upkeep\n|turn|30\n|\n|t:|1664904616\n|move|p2a: Rotom|Volt Switch|p1a: Porygon2\n|-damage|p1a: Porygon2|54\/100\n|\n|t:|1664904619\n|switch|p2a: Corviknight|Corviknight, F|50\/100|[from]move: Volt Switch\n|-damage|p2a: Corviknight|38\/100|[from] Stealth Rock\n|-ability|p2a: Corviknight|Pressure\n|move|p1a: Porygon2|Teleport|p1a: Porygon2\n|\n|t:|1664904642\n|switch|p1a: Hatterene|Hatterene, F|50\/100|[from]move: Teleport\n|-damage|p1a: Hatterene|38\/100|[from] Stealth Rock\n|\n|upkeep\n|turn|31\n|l| l1ch_n3kr0\n|\n|t:|1664904666\n|switch|p2a: Rotom|Rotom-Wash|88\/100\n|-damage|p2a: Rotom|75\/100|[from] Stealth Rock\n|move|p1a: Hatterene|Psychic|p2a: Rotom\n|-damage|p2a: Rotom|22\/100\n|\n|-heal|p2a: Rotom|28\/100|[from] item: Leftovers\n|upkeep\n|turn|32\n|\n|t:|1664904675\n|switch|p2a: Melmetal|Melmetal|86\/100\n|-damage|p2a: Melmetal|80\/100|[from] Stealth Rock\n|move|p1a: Hatterene|Psychic|p2a: Melmetal\n|-resisted|p2a: Melmetal\n|-damage|p2a: Melmetal|53\/100\n|\n|upkeep\n|turn|33\n|\n|t:|1664904683\n|move|p1a: Hatterene|Healing Wish|p1a: Hatterene\n|faint|p1a: Hatterene\n|move|p2a: Melmetal|Thunder Punch|p1: Hatterene|[notarget]\n|-fail|p2a: Melmetal\n|\n|-fieldend|move: Trick Room\n|upkeep\n|\n|t:|1664904689\n|switch|p1a: Melmetal|Melmetal|57\/100\n|-heal|p1a: Melmetal|100\/100|[from] move: Healing Wish\n|-damage|p1a: Melmetal|94\/100|[from] Stealth Rock\n|turn|34\n|j| idrctbh\n|\n|t:|1664904694\n|move|p2a: Melmetal|Superpower|p1a: Melmetal\n|-supereffective|p1a: Melmetal\n|-damage|p1a: Melmetal|44\/100\n|-unboost|p2a: Melmetal|atk|1\n|-unboost|p2a: Melmetal|def|1\n|move|p1a: Melmetal|Earthquake|p2a: Melmetal\n|-supereffective|p2a: Melmetal\n|-damage|p2a: Melmetal|0 fnt\n|faint|p2a: Melmetal\n|\n|upkeep\n|\n|t:|1664904702\n|switch|p2a: Rotom|Rotom-Wash|28\/100\n|-damage|p2a: Rotom|16\/100|[from] Stealth Rock\n|turn|35\n|\n|t:|1664904724\n|switch|p1a: Porygon2|Porygon2|54\/100\n|-damage|p1a: Porygon2|42\/100|[from] Stealth Rock\n|-ability|p1a: Porygon2|Levitate|[from] ability: Trace|[of] p2a: Rotom\n|move|p2a: Rotom|Pain Split|p1a: Porygon2\n|-sethp|p1a: Porygon2|27\/100|[from] move: Pain Split|[silent]\n|-sethp|p2a: Rotom|33\/100|[from] move: Pain Split\n|\n|-heal|p2a: Rotom|40\/100|[from] item: Leftovers\n|upkeep\n|turn|36\n|\n|t:|1664904735\n|move|p2a: Rotom|Volt Switch|p1a: Porygon2\n|-damage|p1a: Porygon2|17\/100\n|l| Jimmy Powka\n|\n|t:|1664904738\n|switch|p2a: Corviknight|Corviknight, F|38\/100|[from]move: Volt Switch\n|-damage|p2a: Corviknight|26\/100|[from] Stealth Rock\n|-ability|p2a: Corviknight|Pressure\n|move|p1a: Porygon2|Recover|p1a: Porygon2\n|-heal|p1a: Porygon2|67\/100\n|\n|upkeep\n|turn|37\n|\n|t:|1664904746\n|move|p2a: Corviknight|Roost|p2a: Corviknight\n|-heal|p2a: Corviknight|76\/100\n|-singleturn|p2a: Corviknight|move: Roost\n|move|p1a: Porygon2|Trick Room|p1a: Porygon2\n|-fieldstart|move: Trick Room|[of] p1a: Porygon2\n|\n|upkeep\n|turn|38\n|\n|t:|1664904766\n|move|p2a: Corviknight|U-turn|p1a: Porygon2\n|-damage|p1a: Porygon2|57\/100\n|\n|t:|1664904775\n|switch|p2a: Dragonite|Dragonite, F|100\/100|[from]move: U-turn\n|move|p1a: Porygon2|Teleport|p1a: Porygon2\n|\n|t:|1664904785\n|switch|p1a: Melmetal|Melmetal|44\/100|[from]move: Teleport\n|-damage|p1a: Melmetal|38\/100|[from] Stealth Rock\n|\n|upkeep\n|turn|39\n|\n|t:|1664904801\n|switch|p2a: Corviknight|Corviknight, F|76\/100\n|-damage|p2a: Corviknight|64\/100|[from] Stealth Rock\n|-ability|p2a: Corviknight|Pressure\n|move|p1a: Melmetal|Thunder Punch|p2a: Corviknight\n|-supereffective|p2a: Corviknight\n|-damage|p2a: Corviknight|0 fnt\n|-damage|p1a: Melmetal|21\/100|[from] item: Rocky Helmet|[of] p2a: Corviknight\n|faint|p2a: Corviknight\n|\n|upkeep\n|\n|t:|1664904811\n|switch|p2a: Rotom|Rotom-Wash|40\/100\n|-damage|p2a: Rotom|27\/100|[from] Stealth Rock\n|turn|40\n|\n|t:|1664904814\n|move|p1a: Melmetal|Thunder Punch|p2a: Rotom\n|-damage|p2a: Rotom|0 fnt\n|faint|p2a: Rotom\n|\n|upkeep\n|c|\u2606bizarman|gg\n|\n|t:|1664904818\n|switch|p2a: Dragonite|Dragonite, F|100\/100\n|turn|41\n|\n|t:|1664904824\n|switch|p1a: Torkoal|Torkoal, F|100\/100\n|-damage|p1a: Torkoal|76\/100|[from] Stealth Rock\n|-weather|SunnyDay|[from] ability: Drought|[of] p1a: Torkoal\n|move|p2a: Dragonite|Earthquake|p1a: Torkoal\n|-supereffective|p1a: Torkoal\n|-damage|p1a: Torkoal|27\/100\n|\n|-weather|SunnyDay|[upkeep]\n|-fieldend|move: Trick Room\n|upkeep\n|turn|42\n|inactive|Zemmour & Rick has 120 seconds left.\n|inactive|Zemmour & Rick has 90 seconds left.\n|\n|t:|1664904912\n|switch|p1a: Porygon2|Porygon2|57\/100\n|-damage|p1a: Porygon2|44\/100|[from] Stealth Rock\n|-ability|p1a: Porygon2|Multiscale|[from] ability: Trace|[of] p2a: Dragonite\n|move|p2a: Dragonite|Dragon Dance|p2a: Dragonite\n|-boost|p2a: Dragonite|atk|1\n|-boost|p2a: Dragonite|spe|1\n|\n|-weather|SunnyDay|[upkeep]\n|upkeep\n|turn|43\n|\n|t:|1664904921\n|move|p2a: Dragonite|Earthquake|p1a: Porygon2\n|-damage|p1a: Porygon2|13\/100\n|move|p1a: Porygon2|Trick Room|p1a: Porygon2\n|-fieldstart|move: Trick Room|[of] p1a: Porygon2\n|\n|-weather|SunnyDay|[upkeep]\n|upkeep\n|turn|44\n|\n|t:|1664904929\n|move|p1a: Porygon2|Ice Beam|p2a: Dragonite\n|-supereffective|p2a: Dragonite\n|-damage|p2a: Dragonite|65\/100\n|move|p2a: Dragonite|Earthquake|p1a: Porygon2\n|-damage|p1a: Porygon2|0 fnt\n|faint|p1a: Porygon2\n|\n|-weather|SunnyDay|[upkeep]\n|upkeep\n|c|\u2606Zemmour & Rick|gg\n|\n|t:|1664904933\n|switch|p1a: Melmetal|Melmetal|21\/100\n|-damage|p1a: Melmetal|15\/100|[from] Stealth Rock\n|turn|45\n|\n|t:|1664904938\n|move|p1a: Melmetal|Double Iron Bash|p2a: Dragonite\n|-damage|p2a: Dragonite|11\/100\n|-damage|p2a: Dragonite|0 fnt\n|faint|p2a: Dragonite\n|-hitcount|p2: Dragonite|2\n|\n|win|Zemmour & Rick\n|raw|Zemmour &amp; Rick's rating: 1757 &rarr; <strong>1775<\/strong><br \/>(+18 for winning)\n|raw|bizarman's rating: 1728 &rarr; <strong>1710<\/strong><br \/>(-18 for losing)\n|l|\u2606bizarman\n|l| Congwuyu\n||Ladder isn't responding, score probably updated but might not have (Request timeout).\n","uploadtime":1664904961,"views":18,"p1id":"zemmourrick","p2id":"bizarman","formatid":"gen8ou","rating":1710,"private":0,"password":null}