{"id":"gen8uu-1275253740","p1":"LolzMachine","p2":"ChefMichelDumas","format":"gen8uu","log":"|html|<div class=\"broadcast-blue\"><strong>[Gen 8] UU is currently suspecting Latias! For information on how to participate check out the <a href=\"https:\/\/www.smogon.com\/forums\/threads\/np-ss-uu-stage-8-2-cherry.3676723\/\">suspect thread<\/a>.<\/strong><\/div>\n|j|\u2606LolzMachine\n|j|\u2606ChefMichelDumas\n|t:|1612364142\n|player|p1|LolzMachine|294|1651\n|player|p2|ChefMichelDumas|waiter|1370\n|teamsize|p1|6\n|teamsize|p2|6\n|gametype|singles\n|gen|8\n|tier|[Gen 8] UU\n|rated|\n|clearpoke\n|poke|p1|Regidrago|\n|poke|p1|Araquanid, M|\n|poke|p1|Nidoqueen, F|\n|poke|p1|Moltres-Galar|\n|poke|p1|Mimikyu, M|\n|poke|p1|Bisharp, M|\n|poke|p2|Grimmsnarl, M|\n|poke|p2|Krookodile, F|\n|poke|p2|Gyarados, F|\n|poke|p2|Kommo-o, M|\n|poke|p2|Moltres-Galar|\n|poke|p2|Magmortar, M|\n|rule|Sleep Clause Mod: Limit one foe put to sleep\n|rule|Species Clause: Limit one of each Pok\u00e9mon\n|rule|OHKO Clause: OHKO moves are banned\n|rule|Evasion Moves Clause: Evasion moves are banned\n|rule|Endless Battle Clause: Forcing endless battles is banned\n|rule|HP Percentage Mod: HP is shown in percentages\n|rule|Dynamax Clause: You cannot dynamax\n|teampreview\n|\n|t:|1612364164\n|start\n|switch|p1a: Araquanid|Araquanid, M|100\/100\n|switch|p2a: Krookodile|Krookodile, F|100\/100\n|-ability|p2a: Krookodile|Intimidate|boost\n|-unboost|p1a: Araquanid|atk|1\n|turn|1\n|\n|t:|1612364174\n|move|p2a: Krookodile|Stealth Rock|p1a: Araquanid\n|-sidestart|p1: LolzMachine|move: Stealth Rock\n|move|p1a: Araquanid|Liquidation|p2a: Krookodile\n|-supereffective|p2a: Krookodile\n|-enditem|p2a: Krookodile|Focus Sash\n|-damage|p2a: Krookodile|1\/100\n|\n|upkeep\n|turn|2\n|\n|t:|1612364178\n|move|p2a: Krookodile|Knock Off|p1a: Araquanid\n|-damage|p1a: Araquanid|43\/100\n|-enditem|p1a: Araquanid|Focus Sash|[from] move: Knock Off|[of] p2a: Krookodile\n|move|p1a: Araquanid|Sticky Web|p2a: Krookodile\n|-sidestart|p2: ChefMichelDumas|move: Sticky Web\n|\n|upkeep\n|turn|3\n|\n|t:|1612364187\n|move|p1a: Araquanid|Magic Coat|p1a: Araquanid\n|-singleturn|p1a: Araquanid|move: Magic Coat\n|move|p2a: Krookodile|Earthquake|p1a: Araquanid\n|-resisted|p1a: Araquanid\n|-damage|p1a: Araquanid|12\/100\n|\n|upkeep\n|turn|4\n|\n|t:|1612364191\n|move|p2a: Krookodile|Earthquake|p1a: Araquanid\n|-resisted|p1a: Araquanid\n|-damage|p1a: Araquanid|0 fnt\n|faint|p1a: Araquanid\n|\n|upkeep\n|\n|t:|1612364222\n|switch|p1a: Mimikyu|Mimikyu, M|100\/100\n|-damage|p1a: Mimikyu|88\/100|[from] Stealth Rock\n|turn|5\n|\n|t:|1612364227\n|move|p1a: Mimikyu|Shadow Sneak|p2a: Krookodile\n|-resisted|p2a: Krookodile\n|-damage|p2a: Krookodile|0 fnt\n|-damage|p1a: Mimikyu|78\/100|[from] item: Life Orb\n|faint|p2a: Krookodile\n|\n|upkeep\n|\n|t:|1612364231\n|switch|p2a: Grimmsnarl|Grimmsnarl, M|100\/100\n|-activate|p2a: Grimmsnarl|move: Sticky Web\n|-unboost|p2a: Grimmsnarl|spe|1\n|turn|6\n|\n|t:|1612364233\n|move|p1a: Mimikyu|Play Rough|p2a: Grimmsnarl\n|-supereffective|p2a: Grimmsnarl\n|-damage|p2a: Grimmsnarl|0 fnt\n|-damage|p1a: Mimikyu|68\/100|[from] item: Life Orb\n|faint|p2a: Grimmsnarl\n|\n|upkeep\n|\n|t:|1612364242\n|switch|p2a: Gyarados|Gyarados, F|100\/100\n|turn|7\n|\n|t:|1612364245\n|move|p1a: Mimikyu|Play Rough|p2a: Gyarados\n|-damage|p2a: Gyarados|36\/100\n|-damage|p1a: Mimikyu|58\/100|[from] item: Life Orb\n|move|p2a: Gyarados|Waterfall|p1a: Mimikyu\n|-activate|p1a: Mimikyu|ability: Disguise\n|-damage|p1a: Mimikyu|58\/100\n|detailschange|p1a: Mimikyu|Mimikyu-Busted, M\n|-damage|p1a: Mimikyu|46\/100|[from] pokemon: Mimikyu-Busted\n|\n|upkeep\n|turn|8\n|\n|t:|1612364259\n|move|p1a: Mimikyu|Shadow Claw|p2a: Gyarados\n|-damage|p2a: Gyarados|0 fnt\n|-damage|p1a: Mimikyu|36\/100|[from] item: Life Orb\n|faint|p2a: Gyarados\n|\n|upkeep\n|\n|t:|1612364265\n|switch|p2a: Moltres|Moltres-Galar|100\/100\n|turn|9\n|\n|t:|1612364269\n|move|p1a: Mimikyu|Play Rough|p2a: Moltres\n|-supereffective|p2a: Moltres\n|-damage|p2a: Moltres|0 fnt\n|-damage|p1a: Mimikyu|26\/100|[from] item: Life Orb\n|faint|p2a: Moltres\n|\n|upkeep\n|-message|ChefMichelDumas forfeited.\n|\n|win|LolzMachine\n||Ladder (probably) updated, but score could not be retrieved (Request timeout).\n","uploadtime":1612364380,"views":26,"p1id":"lolzmachine","p2id":"chefmicheldumas","formatid":"gen8uu","rating":0,"private":0,"password":null}