{"id":"gen8ou-1697443633","p1":"quixana","p2":"Shikshtenaan","format":"gen8ou","log":"|j|\u2606quixana\n|j|\u2606Shikshtenaan\n|t:|1666994816\n|gametype|singles\n|player|p1|quixana|ethan-pokeathlon|1730\n|player|p2|Shikshtenaan|swimmer-gen4|1761\n|teamsize|p1|6\n|teamsize|p2|6\n|gen|8\n|tier|[Gen 8] OU\n|rated|\n|rule|Sleep Clause Mod: Limit one foe put to sleep\n|rule|Species Clause: Limit one of each Pok\u00e9mon\n|rule|OHKO Clause: OHKO moves are banned\n|rule|Evasion Items Clause: Evasion items are banned\n|rule|Evasion Moves Clause: Evasion moves are banned\n|rule|Endless Battle Clause: Forcing endless battles is banned\n|rule|HP Percentage Mod: HP is shown in percentages\n|rule|Dynamax Clause: You cannot dynamax\n|clearpoke\n|poke|p1|Xurkitree|\n|poke|p1|Slowbro, F|\n|poke|p1|Rillaboom, M|\n|poke|p1|Melmetal|\n|poke|p1|Tornadus-Therian, M|\n|poke|p1|Landorus-Therian, M|\n|poke|p2|Mew|\n|poke|p2|Skarmory, M|\n|poke|p2|Seismitoad, M|\n|poke|p2|Tyranitar, M|\n|poke|p2|Dragapult, M|\n|poke|p2|Heatran, M|\n|teampreview\n|inactive|Battle timer is ON: inactive players will automatically lose when time's up. (requested by Shikshtenaan)\n|\n|t:|1666994847\n|start\n|switch|p1a: Tornadus|Tornadus-Therian, M|100\/100\n|switch|p2a: Mew|Mew, shiny|100\/100\n|turn|1\n|\n|t:|1666994855\n|move|p2a: Mew|Trick|p1a: Tornadus\n|-activate|p2a: Mew|move: Trick|[of] p1a: Tornadus\n|-item|p1a: Tornadus|Choice Scarf|[from] move: Trick\n|-item|p2a: Mew|Assault Vest|[from] move: Trick\n|move|p1a: Tornadus|U-turn|p2a: Mew\n|-supereffective|p2a: Mew\n|-damage|p2a: Mew|67\/100\n|\n|t:|1666994868\n|switch|p1a: Slowbro|Slowbro, F|100\/100|[from]move: U-turn\n|\n|upkeep\n|turn|2\n|\n|t:|1666994877\n|switch|p2a: Seismitoad|Seismitoad, M, shiny|100\/100\n|move|p1a: Slowbro|Teleport|p1a: Slowbro\n|\n|t:|1666994884\n|switch|p1a: Rillaboom|Rillaboom, M|100\/100|[from]move: Teleport\n|-fieldstart|move: Grassy Terrain|[from] ability: Grassy Surge|[of] p1a: Rillaboom\n|\n|upkeep\n|turn|3\n|\n|t:|1666994894\n|switch|p2a: Skarmory|Skarmory, M|100\/100\n|move|p1a: Rillaboom|U-turn|p2a: Skarmory\n|-resisted|p2a: Skarmory\n|-damage|p2a: Skarmory|95\/100\n|-damage|p1a: Rillaboom|84\/100|[from] item: Rocky Helmet|[of] p2a: Skarmory\n|\n|t:|1666994898\n|switch|p1a: christmas lights|Xurkitree, shiny|100\/100|[from]move: U-turn\n|\n|upkeep\n|turn|4\n|\n|t:|1666994909\n|switch|p2a: Heatran|Heatran, M|100\/100\n|move|p1a: christmas lights|Thunderbolt|p2a: Heatran\n|-damage|p2a: Heatran|58\/100\n|\n|-heal|p2a: Heatran|64\/100|[from] Grassy Terrain\n|-heal|p2a: Heatran|70\/100|[from] item: Leftovers\n|upkeep\n|turn|5\n|\n|t:|1666994919\n|move|p1a: christmas lights|Volt Switch|p2a: Heatran\n|-damage|p2a: Heatran|38\/100\n|\n|t:|1666994927\n|switch|p1a: Landorus|Landorus-Therian, M|100\/100|[from]move: Volt Switch\n|-ability|p1a: Landorus|Intimidate|boost\n|-unboost|p2a: Heatran|atk|1\n|move|p2a: Heatran|Toxic|p1a: Landorus|[miss]\n|-miss|p2a: Heatran|p1a: Landorus\n|\n|-heal|p2a: Heatran|45\/100|[from] Grassy Terrain\n|-heal|p2a: Heatran|51\/100|[from] item: Leftovers\n|upkeep\n|turn|6\n|\n|t:|1666994942\n|switch|p2a: Skarmory|Skarmory, M|95\/100\n|move|p1a: Landorus|U-turn|p2a: Skarmory\n|-resisted|p2a: Skarmory\n|-crit|p2a: Skarmory\n|-damage|p2a: Skarmory|91\/100\n|-damage|p1a: Landorus|84\/100|[from] item: Rocky Helmet|[of] p2a: Skarmory\n|\n|t:|1666994947\n|switch|p1a: christmas lights|Xurkitree, shiny|100\/100|[from]move: U-turn\n|\n|-fieldend|move: Grassy Terrain\n|upkeep\n|turn|7\n|\n|t:|1666994960\n|switch|p2a: Seismitoad|Seismitoad, M, shiny|100\/100\n|move|p1a: christmas lights|Volt Switch|p2a: Seismitoad\n|-immune|p2a: Seismitoad\n|\n|upkeep\n|turn|8\n|\n|t:|1666994963\n|switch|p2a: Heatran|Heatran, M|51\/100\n|move|p1a: christmas lights|Energy Ball|p2a: Heatran\n|-resisted|p2a: Heatran\n|-damage|p2a: Heatran|44\/100\n|-unboost|p2a: Heatran|spd|1\n|\n|-heal|p2a: Heatran|50\/100|[from] item: Leftovers\n|upkeep\n|turn|9\n|j| Sendpais\n|\n|t:|1666994972\n|move|p1a: christmas lights|Thunderbolt|p2a: Heatran\n|-damage|p2a: Heatran|0 fnt\n|faint|p2a: Heatran\n|-ability|p1a: christmas lights|Beast Boost|boost\n|-boost|p1a: christmas lights|spa|1\n|\n|upkeep\n|\n|t:|1666994978\n|switch|p2a: Dragapult|Dragapult, M, shiny|100\/100\n|turn|10\n|j|+Dragonillis\n|c| Sendpais|cursed gground mon\n|\n|t:|1666995000\n|switch|p1a: Landorus|Landorus-Therian, M|84\/100\n|-ability|p1a: Landorus|Intimidate|boost\n|-fail|p2a: Dragapult|unboost|[from] ability: Clear Body|[of] p2a: Dragapult\n|move|p2a: Dragapult|Dragon Darts|p1a: Landorus\n|-damage|p1a: Landorus|47\/100\n|-anim|p2a: Dragapult|Dragon Darts|p1a: Landorus\n|-damage|p1a: Landorus|9\/100\n|\n|-heal|p1a: Landorus|15\/100|[from] item: Leftovers\n|upkeep\n|turn|11\n|\n|t:|1666995006\n|switch|p1a: Melmetal|Melmetal|100\/100\n|move|p2a: Dragapult|Dragon Darts|p1a: Melmetal\n|-resisted|p1a: Melmetal\n|-damage|p1a: Melmetal|91\/100\n|-anim|p2a: Dragapult|Dragon Darts|p1a: Melmetal\n|-resisted|p1a: Melmetal\n|-damage|p1a: Melmetal|82\/100\n|\n|-heal|p1a: Melmetal|88\/100|[from] item: Leftovers\n|upkeep\n|turn|12\n|j| goaway12309\n|l| goaway12309\n|\n|t:|1666995015\n|switch|p2a: Skarmory|Skarmory, M|91\/100\n|move|p1a: Melmetal|Superpower|p2a: Skarmory\n|-damage|p2a: Skarmory|69\/100\n|-unboost|p1a: Melmetal|atk|1\n|-unboost|p1a: Melmetal|def|1\n|-damage|p1a: Melmetal|71\/100|[from] item: Rocky Helmet|[of] p2a: Skarmory\n|\n|-heal|p1a: Melmetal|78\/100|[from] item: Leftovers\n|upkeep\n|turn|13\n|\n|t:|1666995019\n|switch|p1a: christmas lights|Xurkitree, shiny|100\/100\n|move|p2a: Skarmory|Roost|p2a: Skarmory\n|-heal|p2a: Skarmory|100\/100\n|-singleturn|p2a: Skarmory|move: Roost\n|\n|upkeep\n|turn|14\n|\n|t:|1666995032\n|switch|p2a: Tyranitar|Tyranitar, M|100\/100\n|-weather|Sandstorm|[from] ability: Sand Stream|[of] p2a: Tyranitar\n|move|p1a: christmas lights|Energy Ball|p2a: Tyranitar\n|-supereffective|p2a: Tyranitar\n|-crit|p2a: Tyranitar\n|-damage|p2a: Tyranitar|35\/100\n|\n|-weather|Sandstorm|[upkeep]\n|-damage|p1a: christmas lights|94\/100|[from] Sandstorm\n|upkeep\n|turn|15\n|\n|t:|1666995056\n|switch|p2a: Dragapult|Dragapult, M, shiny|100\/100\n|move|p1a: christmas lights|Volt Switch|p2a: Dragapult\n|-resisted|p2a: Dragapult\n|-damage|p2a: Dragapult|64\/100\n|\n|t:|1666995067\n|switch|p1a: Tornadus|Tornadus-Therian, M|100\/100|[from]move: Volt Switch\n|\n|-weather|Sandstorm|[upkeep]\n|-damage|p1a: Tornadus|94\/100|[from] Sandstorm\n|-damage|p2a: Dragapult|58\/100|[from] Sandstorm\n|upkeep\n|turn|16\n|\n|t:|1666995084\n|switch|p2a: Seismitoad|Seismitoad, M, shiny|100\/100\n|move|p1a: Tornadus|Knock Off|p2a: Seismitoad\n|-damage|p2a: Seismitoad|75\/100\n|-enditem|p2a: Seismitoad|Custap Berry|[from] move: Knock Off|[of] p1a: Tornadus\n|\n|-weather|Sandstorm|[upkeep]\n|-damage|p1a: Tornadus|88\/100|[from] Sandstorm\n|upkeep\n|turn|17\n|\n|t:|1666995095\n|switch|p1a: Slowbro|Slowbro, F|100\/100\n|move|p2a: Seismitoad|Scald|p1a: Slowbro\n|-resisted|p1a: Slowbro\n|-damage|p1a: Slowbro|89\/100\n|\n|-weather|Sandstorm|[upkeep]\n|-damage|p1a: Slowbro|83\/100|[from] Sandstorm\n|upkeep\n|turn|18\n|j| fcking k!ll me\n|\n|t:|1666995098\n|move|p2a: Seismitoad|Toxic|p1a: Slowbro\n|-status|p1a: Slowbro|tox\n|move|p1a: Slowbro|Teleport|p1a: Slowbro\n|l|fckingkllme\n|\n|t:|1666995103\n|switch|p1a: christmas lights|Xurkitree, shiny|94\/100|[from]move: Teleport\n|\n|-weather|none\n|upkeep\n|turn|19\n|l| Sendpais\n|\n|t:|1666995114\n|switch|p2a: Tyranitar|Tyranitar, M|35\/100\n|-weather|Sandstorm|[from] ability: Sand Stream|[of] p2a: Tyranitar\n|move|p1a: christmas lights|Energy Ball|p2a: Tyranitar\n|-supereffective|p2a: Tyranitar\n|-damage|p2a: Tyranitar|0 fnt\n|faint|p2a: Tyranitar\n|-ability|p1a: christmas lights|Beast Boost|boost\n|-boost|p1a: christmas lights|spa|1\n|\n|-weather|Sandstorm|[upkeep]\n|-damage|p1a: christmas lights|88\/100|[from] Sandstorm\n|upkeep\n|\n|t:|1666995119\n|switch|p2a: Dragapult|Dragapult, M, shiny|58\/100\n|turn|20\n|\n|t:|1666995141\n|switch|p1a: Melmetal|Melmetal|78\/100\n|move|p2a: Dragapult|Dragon Darts|p1a: Melmetal\n|-resisted|p1a: Melmetal\n|-damage|p1a: Melmetal|68\/100\n|-anim|p2a: Dragapult|Dragon Darts|p1a: Melmetal\n|-resisted|p1a: Melmetal\n|-damage|p1a: Melmetal|59\/100\n|\n|-weather|Sandstorm|[upkeep]\n|-damage|p2a: Dragapult|52\/100|[from] Sandstorm\n|-heal|p1a: Melmetal|65\/100|[from] item: Leftovers\n|upkeep\n|turn|21\n|j| Pachismo\n|inactive|quixana has 120 seconds left.\n|\n|t:|1666995165\n|switch|p2a: Skarmory|Skarmory, M|100\/100\n|move|p1a: Melmetal|Superpower|p2a: Skarmory\n|-damage|p2a: Skarmory|80\/100\n|-unboost|p1a: Melmetal|atk|1\n|-unboost|p1a: Melmetal|def|1\n|-damage|p1a: Melmetal|48\/100|[from] item: Rocky Helmet|[of] p2a: Skarmory\n|\n|-weather|Sandstorm|[upkeep]\n|-heal|p1a: Melmetal|54\/100|[from] item: Leftovers\n|upkeep\n|turn|22\n|\n|t:|1666995175\n|switch|p2a: Dragapult|Dragapult, M, shiny|52\/100\n|switch|p1a: christmas lights|Xurkitree, shiny|88\/100\n|\n|-weather|Sandstorm|[upkeep]\n|-damage|p2a: Dragapult|46\/100|[from] Sandstorm\n|-damage|p1a: christmas lights|82\/100|[from] Sandstorm\n|upkeep\n|turn|23\n|\n|t:|1666995186\n|switch|p1a: Slowbro|Slowbro, F|100\/100 tox\n|move|p2a: Dragapult|Dragon Darts|p1a: Slowbro\n|-damage|p1a: Slowbro|79\/100 tox\n|-anim|p2a: Dragapult|Dragon Darts|p1a: Slowbro\n|-damage|p1a: Slowbro|58\/100 tox\n|\n|-weather|none\n|-damage|p1a: Slowbro|52\/100 tox|[from] psn\n|upkeep\n|turn|24\n|\n|t:|1666995191\n|move|p2a: Dragapult|Dragon Darts|p1a: Slowbro\n|-damage|p1a: Slowbro|30\/100 tox\n|-anim|p2a: Dragapult|Dragon Darts|p1a: Slowbro\n|-damage|p1a: Slowbro|9\/100 tox\n|move|p1a: Slowbro|Teleport|p1a: Slowbro\n|\n|t:|1666995194\n|switch|p1a: Tornadus|Tornadus-Therian, M|100\/100|[from]move: Teleport\n|\n|upkeep\n|turn|25\n|\n|t:|1666995203\n|move|p1a: Tornadus|U-turn|p2a: Dragapult\n|-resisted|p2a: Dragapult\n|-damage|p2a: Dragapult|35\/100\n|\n|t:|1666995207\n|switch|p1a: Melmetal|Melmetal|54\/100|[from]move: U-turn\n|move|p2a: Dragapult|Dragon Darts|p1a: Melmetal\n|-resisted|p1a: Melmetal\n|-damage|p1a: Melmetal|45\/100\n|-anim|p2a: Dragapult|Dragon Darts|p1a: Melmetal\n|-resisted|p1a: Melmetal\n|-damage|p1a: Melmetal|36\/100\n|\n|-heal|p1a: Melmetal|42\/100|[from] item: Leftovers\n|upkeep\n|turn|26\n|\n|t:|1666995213\n|switch|p2a: Skarmory|Skarmory, M|80\/100\n|move|p1a: Melmetal|Toxic|p2a: Skarmory\n|-immune|p2a: Skarmory\n|\n|-heal|p1a: Melmetal|48\/100|[from] item: Leftovers\n|upkeep\n|turn|27\n|\n|t:|1666995220\n|switch|p1a: Slowbro|Slowbro, F|42\/100 tox\n|move|p2a: Skarmory|Body Press|p1a: Slowbro\n|-resisted|p1a: Slowbro\n|-damage|p1a: Slowbro|33\/100 tox\n|-damage|p2a: Skarmory|64\/100|[from] item: Rocky Helmet|[of] p1a: Slowbro\n|\n|-damage|p1a: Slowbro|27\/100 tox|[from] psn\n|upkeep\n|turn|28\n|\n|t:|1666995225\n|move|p2a: Skarmory|Roost|p2a: Skarmory\n|-heal|p2a: Skarmory|100\/100\n|-singleturn|p2a: Skarmory|move: Roost\n|move|p1a: Slowbro|Teleport|p1a: Slowbro\n|\n|t:|1666995227\n|switch|p1a: christmas lights|Xurkitree, shiny|82\/100|[from]move: Teleport\n|\n|upkeep\n|turn|29\n|\n|t:|1666995236\n|switch|p2a: Mew|Mew, shiny|67\/100\n|move|p1a: christmas lights|Thunderbolt|p2a: Mew\n|-damage|p2a: Mew|21\/100\n|-status|p2a: Mew|par\n|-activate|p2a: Mew|ability: Synchronize\n|-immune|p1a: christmas lights\n|\n|upkeep\n|turn|30\n|j| Vortxxx\n|c|\u2606Shikshtenaan|Lol this mon got serene grace or what\n|c|\u2606quixana|yew\n|\n|t:|1666995258\n|move|p1a: christmas lights|Thunderbolt|p2a: Mew\n|-damage|p2a: Mew|0 fnt\n|faint|p2a: Mew\n|-ability|p1a: christmas lights|Beast Boost|boost\n|-boost|p1a: christmas lights|spa|1\n|\n|upkeep\n|\n|t:|1666995260\n|switch|p2a: Dragapult|Dragapult, M, shiny|35\/100\n|turn|31\n|c|\u2606quixana|dance\n|inactive|Shikshtenaan has 120 seconds left.\n|\n|t:|1666995297\n|switch|p1a: Landorus|Landorus-Therian, M|15\/100\n|-ability|p1a: Landorus|Intimidate|boost\n|-fail|p2a: Dragapult|unboost|[from] ability: Clear Body|[of] p2a: Dragapult\n|move|p2a: Dragapult|Dragon Darts|p1a: Landorus\n|-damage|p1a: Landorus|0 fnt\n|faint|p1a: Landorus\n|\n|upkeep\n|\n|t:|1666995301\n|switch|p1a: Tornadus|Tornadus-Therian, M|100\/100\n|turn|32\n|\n|t:|1666995306\n|switch|p2a: Seismitoad|Seismitoad, M, shiny|75\/100\n|move|p1a: Tornadus|U-turn|p2a: Seismitoad\n|-damage|p2a: Seismitoad|57\/100\n|j| charge Q\n|\n|t:|1666995309\n|switch|p1a: christmas lights|Xurkitree, shiny|82\/100|[from]move: U-turn\n|\n|upkeep\n|turn|33\n|c|\u2606quixana|dance\n|\n|t:|1666995323\n|move|p1a: christmas lights|Energy Ball|p2a: Seismitoad\n|-supereffective|p2a: Seismitoad\n|-damage|p2a: Seismitoad|0 fnt\n|faint|p2a: Seismitoad\n|-ability|p1a: christmas lights|Beast Boost|boost\n|-boost|p1a: christmas lights|spa|1\n|\n|upkeep\n|\n|t:|1666995325\n|switch|p2a: Dragapult|Dragapult, M, shiny|35\/100\n|turn|34\n|\n|t:|1666995338\n|switch|p1a: Rillaboom|Rillaboom, M|84\/100\n|-fieldstart|move: Grassy Terrain|[from] ability: Grassy Surge|[of] p1a: Rillaboom\n|move|p2a: Dragapult|Dragon Darts|p1a: Rillaboom\n|-damage|p1a: Rillaboom|45\/100\n|-anim|p2a: Dragapult|Dragon Darts|p1a: Rillaboom\n|-damage|p1a: Rillaboom|4\/100\n|\n|-heal|p2a: Dragapult|41\/100|[from] Grassy Terrain\n|-heal|p1a: Rillaboom|10\/100|[from] Grassy Terrain\n|upkeep\n|turn|35\n|\n|t:|1666995350\n|move|p1a: Rillaboom|Grassy Glide|p2a: Dragapult\n|-resisted|p2a: Dragapult\n|-damage|p2a: Dragapult|0 fnt\n|faint|p2a: Dragapult\n|\n|-heal|p1a: Rillaboom|16\/100|[from] Grassy Terrain\n|upkeep\n|c|\u2606Shikshtenaan|Gg\n|c|\u2606quixana|gg\n|-message|Shikshtenaan forfeited.\n|\n|win|quixana\n|raw|quixana's rating: 1730 &rarr; <strong>1752<\/strong><br \/>(+22 for winning)\n|raw|Shikshtenaan's rating: 1761 &rarr; <strong>1739<\/strong><br \/>(-22 for losing)\n|l|\u2606Shikshtenaan\n|l| Vortxxx\n||Ladder isn't responding, score probably updated but might not have (Request timeout).\n|l| charge Q\n|l| Pachismo\n","uploadtime":1666995366,"views":17,"p1id":"quixana","p2id":"shikshtenaan","formatid":"gen8ou","rating":1739,"private":0,"password":null}