{"id":"gen8ou-1641614634","p1":"kinetic chain","p2":"lt93oq myuu to top","format":"gen8ou","log":"|raw|<div class=\"broadcast-blue\"><strong>This battle is required to be public due to a player having a name starting with 'lt93oq'.<\/div>\n|j|\u203dkinetic chain\n|j|\u2606lt93oq myuu to top\n|t:|1660732383\n|gametype|singles\n|player|p1|kinetic chain|silver-gen2|1941\n|player|p2|lt93oq myuu to top|leon-masters|1766\n|teamsize|p1|6\n|teamsize|p2|6\n|gen|8\n|tier|[Gen 8] OU\n|rated|\n|rule|Sleep Clause Mod: Limit one foe put to sleep\n|rule|Species Clause: Limit one of each Pok\u00e9mon\n|rule|OHKO Clause: OHKO moves are banned\n|rule|Evasion Items Clause: Evasion items are banned\n|rule|Evasion Moves Clause: Evasion moves are banned\n|rule|Endless Battle Clause: Forcing endless battles is banned\n|rule|HP Percentage Mod: HP is shown in percentages\n|rule|Dynamax Clause: You cannot dynamax\n|clearpoke\n|poke|p1|Dragapult, F|\n|poke|p1|Toxapex, M|\n|poke|p1|Weavile, F|\n|poke|p1|Heatran, F|\n|poke|p1|Landorus-Therian, M|\n|poke|p1|Zapdos|\n|poke|p2|Nihilego|\n|poke|p2|Zapdos-Galar|\n|poke|p2|Kartana|\n|poke|p2|Celesteela|\n|poke|p2|Garchomp, F|\n|poke|p2|Tapu Fini|\n|teampreview\n|inactive|Battle timer is ON: inactive players will automatically lose when time's up. (requested by lt93oq myuu to top)\n|inactive|kinetic chain also wants the timer to be on.\n|\n|t:|1660732408\n|start\n|switch|p1a: Landorus|Landorus-Therian, M|100\/100\n|switch|p2a: Zapdos|Zapdos-Galar|100\/100\n|-ability|p1a: Landorus|Intimidate|boost\n|-unboost|p2a: Zapdos|atk|1\n|-ability|p2a: Zapdos|Defiant\n|-boost|p2a: Zapdos|atk|2\n|turn|1\n|j| ACII\n|\n|t:|1660732417\n|switch|p1a: Toxapex|Toxapex, M|100\/100\n|move|p2a: Zapdos|Brave Bird|p1a: Toxapex\n|-damage|p1a: Toxapex|13\/100\n|-damage|p2a: Zapdos|84\/100|[from] item: Rocky Helmet|[of] p1a: Toxapex\n|-damage|p2a: Zapdos|57\/100|[from] Recoil\n|\n|upkeep\n|turn|2\n|j| ivehadenoughshit\n|j| filon\n|\n|t:|1660732446\n|switch|p1a: Heatran|Heatran, F|100\/100\n|move|p2a: Zapdos|Brave Bird|p1a: Heatran\n|-resisted|p1a: Heatran\n|-damage|p1a: Heatran|43\/100\n|-damage|p2a: Zapdos|34\/100|[from] Recoil\n|\n|-heal|p1a: Heatran|49\/100|[from] item: Leftovers\n|upkeep\n|turn|3\n|j| Zoilo_y_Aitana\n|j| Mimikyu Stardust\n|\n|t:|1660732457\n|switch|p1a: Zapdos|Zapdos|100\/100\n|move|p2a: Zapdos|Brave Bird|p1a: Zapdos\n|-resisted|p1a: Zapdos\n|-damage|p1a: Zapdos|12\/100\n|-status|p2a: Zapdos|par|[from] ability: Static|[of] p1a: Zapdos\n|-damage|p2a: Zapdos|5\/100 par|[from] Recoil\n|\n|upkeep\n|turn|4\n|j| Peter's Aviation\n|j| Bushido Black\n|j| prof darkness\n|\n|t:|1660732474\n|switch|p2a: Garchomp|Garchomp, F|100\/100\n|move|p1a: Zapdos|Hurricane|p2a: Garchomp\n|-damage|p2a: Garchomp|47\/100\n|\n|upkeep\n|turn|5\n|j| Chiharu haru\n|\n|t:|1660732484\n|switch|p1a: Landorus|Landorus-Therian, M|100\/100\n|-ability|p1a: Landorus|Intimidate|boost\n|-unboost|p2a: Garchomp|atk|1\n|move|p2a: Garchomp|Fire Blast|p1a: Landorus\n|-damage|p1a: Landorus|85\/100\n|\n|-heal|p1a: Landorus|91\/100|[from] item: Leftovers\n|upkeep\n|turn|6\n|l| Mimikyu Stardust\n|l| ACII\n|\n|t:|1660732494\n|move|p2a: Garchomp|Stealth Rock|p1a: Landorus\n|-sidestart|p1: kinetic chain|move: Stealth Rock\n|move|p1a: Landorus|Stealth Rock|p2a: Garchomp\n|-sidestart|p2: lt93oq myuu to top|move: Stealth Rock\n|\n|-heal|p1a: Landorus|97\/100|[from] item: Leftovers\n|upkeep\n|turn|7\n|\n|t:|1660732498\n|switch|p2a: Zapdos|Zapdos-Galar|5\/100 par\n|-damage|p2a: Zapdos|0 fnt|[from] Stealth Rock\n|faint|p2a: Zapdos\n|move|p1a: Landorus|Earthquake|p2: Zapdos|[notarget]\n|-fail|p1a: Landorus\n|\n|-heal|p1a: Landorus|100\/100|[from] item: Leftovers\n|upkeep\n|l| Chiharu haru\n|j| Mimikyu Stardust\n|j| Wish i was gud\n|inactive|lt93oq myuu to top has 120 seconds left.\n|j| dasgas\n|\n|t:|1660732538\n|switch|p2a: Celesteela|Celesteela|100\/100\n|-damage|p2a: Celesteela|88\/100|[from] Stealth Rock\n|turn|8\n|\n|t:|1660732550\n|move|p1a: Landorus|U-turn|p2a: Celesteela\n|-resisted|p2a: Celesteela\n|-damage|p2a: Celesteela|83\/100\n|\n|t:|1660732559\n|switch|p1a: Dragapult|Dragapult, F|100\/100|[from]move: U-turn\n|-damage|p1a: Dragapult|88\/100|[from] Stealth Rock\n|move|p2a: Celesteela|Autotomize|p2a: Celesteela\n|-boost|p2a: Celesteela|spe|2\n|-start|p2a: Celesteela|Autotomize\n|\n|upkeep\n|turn|9\n|inactive|lt93oq myuu to top has 120 seconds left.\n|\n|t:|1660732587\n|move|p2a: Celesteela|Meteor Beam||[still]\n|-prepare|p2a: Celesteela|Meteor Beam\n|-boost|p2a: Celesteela|spa|1\n|-enditem|p2a: Celesteela|Power Herb\n|-anim|p2a: Celesteela|Meteor Beam|p1a: Dragapult\n|-damage|p1a: Dragapult|7\/100\n|move|p1a: Dragapult|Flamethrower|p2a: Celesteela\n|-supereffective|p2a: Celesteela\n|-damage|p2a: Celesteela|10\/100\n|\n|upkeep\n|turn|10\n|inactive|lt93oq myuu to top has 120 seconds left.\n|\n|t:|1660732601\n|move|p2a: Celesteela|Air Slash|p1a: Dragapult\n|-damage|p1a: Dragapult|0 fnt\n|faint|p1a: Dragapult\n|-ability|p2a: Celesteela|Beast Boost|boost\n|-boost|p2a: Celesteela|spa|1\n|\n|upkeep\n|\n|t:|1660732604\n|switch|p1a: Weavile|Weavile, F|100\/100\n|turn|11\n|inactive|lt93oq myuu to top has 120 seconds left.\n|inactive|lt93oq myuu to top has 90 seconds left.\n|\n|t:|1660732656\n|move|p1a: Weavile|Ice Shard|p2a: Celesteela\n|-damage|p2a: Celesteela|0 fnt\n|faint|p2a: Celesteela\n|\n|upkeep\n|\n|t:|1660732658\n|switch|p2a: Tapu Fini|Tapu Fini|100\/100\n|-damage|p2a: Tapu Fini|88\/100|[from] Stealth Rock\n|-fieldstart|move: Misty Terrain|[from] ability: Misty Surge|[of] p2a: Tapu Fini\n|turn|12\n|inactive|kinetic chain has 120 seconds left.\n|l| Mimikyu Stardust\n|\n|t:|1660732715\n|switch|p1a: Toxapex|Toxapex, M|47\/100\n|-damage|p1a: Toxapex|34\/100|[from] Stealth Rock\n|move|p2a: Tapu Fini|Calm Mind|p2a: Tapu Fini\n|-boost|p2a: Tapu Fini|spa|1\n|-boost|p2a: Tapu Fini|spd|1\n|\n|-heal|p2a: Tapu Fini|94\/100|[from] item: Leftovers\n|upkeep\n|turn|13\n|\n|t:|1660732725\n|move|p2a: Tapu Fini|Taunt|p1a: Toxapex\n|-start|p1a: Toxapex|move: Taunt\n|cant|p1a: Toxapex|move: Taunt|Recover\n|\n|-heal|p2a: Tapu Fini|100\/100|[from] item: Leftovers\n|upkeep\n|turn|14\n|\n|t:|1660732728\n|move|p2a: Tapu Fini|Calm Mind|p2a: Tapu Fini\n|-boost|p2a: Tapu Fini|spa|1\n|-boost|p2a: Tapu Fini|spd|1\n|move|p1a: Toxapex|Knock Off|p2a: Tapu Fini\n|-resisted|p2a: Tapu Fini\n|-damage|p2a: Tapu Fini|95\/100\n|-enditem|p2a: Tapu Fini|Leftovers|[from] move: Knock Off|[of] p1a: Toxapex\n|\n|upkeep\n|turn|15\n|\n|t:|1660732733\n|switch|p1a: Zapdos|Zapdos|12\/100\n|move|p2a: Tapu Fini|Scald|p1a: Zapdos\n|-damage|p1a: Zapdos|0 fnt\n|faint|p1a: Zapdos\n|\n|upkeep\n|\n|t:|1660732739\n|switch|p1a: Landorus|Landorus-Therian, M|100\/100\n|-damage|p1a: Landorus|88\/100|[from] Stealth Rock\n|-ability|p1a: Landorus|Intimidate|boost\n|-unboost|p2a: Tapu Fini|atk|1\n|turn|16\n|\n|t:|1660732743\n|move|p2a: Tapu Fini|Scald|p1a: Landorus\n|-supereffective|p1a: Landorus\n|-damage|p1a: Landorus|3\/100\n|-status|p1a: Landorus|brn\n|move|p1a: Landorus|Earthquake|p2a: Tapu Fini\n|-damage|p2a: Tapu Fini|77\/100\n|\n|-heal|p1a: Landorus|9\/100 brn|[from] item: Leftovers\n|-damage|p1a: Landorus|3\/100 brn|[from] brn\n|-fieldend|Misty Terrain\n|upkeep\n|turn|17\n|inactive|kinetic chain has 120 seconds left.\n|-message|kinetic chain forfeited.\n|\n|win|lt93oq myuu to top\n|raw|kinetic chain's rating: 1941 &rarr; <strong>1911<\/strong><br \/>(-30 for losing)\n|raw|lt93oq myuu to top's rating: 1743 &rarr; <strong>1773<\/strong><br \/>(+30 for winning)\n|l|\u203dkinetic chain\n|l| Wish i was gud\n|l| dasgas\n|l| prof darkness\n|j|\u203dkinetic chain\n|player|p1|kinetic chain|silver-gen2\n|l|\u203dkinetic chain\n|player|p1|\n|l| Bushido Black\n","uploadtime":1660732765,"views":67,"p1id":"kineticchain","p2id":"lt93oqmyuutotop","formatid":"gen8ou","rating":1773,"private":0,"password":null}