{"id":"gen8ou-1620361282","p1":"Fastpitchkiller","p2":"RggV","format":"gen8ou","log":"|j|\u2606Fastpitchkiller\n|j|\u2606RggV\n|t:|1658200736\n|gametype|singles\n|player|p1|Fastpitchkiller|2|1713\n|player|p2|RggV|scientist-gen4|1682\n|teamsize|p1|6\n|teamsize|p2|6\n|gen|8\n|tier|[Gen 8] OU\n|rated|\n|rule|Sleep Clause Mod: Limit one foe put to sleep\n|rule|Species Clause: Limit one of each Pok\u00e9mon\n|rule|OHKO Clause: OHKO moves are banned\n|rule|Evasion Moves Clause: Evasion moves are banned\n|rule|Endless Battle Clause: Forcing endless battles is banned\n|rule|HP Percentage Mod: HP is shown in percentages\n|rule|Dynamax Clause: You cannot dynamax\n|clearpoke\n|poke|p1|Slowbro, F|\n|poke|p1|Dracozolt|\n|poke|p1|Hippowdon, M|\n|poke|p1|Scizor, M|\n|poke|p1|Zapdos-Galar|\n|poke|p1|Regieleki|\n|poke|p2|Dragapult, F|\n|poke|p2|Weavile, M|\n|poke|p2|Landorus-Therian, M|\n|poke|p2|Rotom-Wash|\n|poke|p2|Lucario, M|\n|poke|p2|Aegislash, M|\n|teampreview\n|inactive|Battle timer is ON: inactive players will automatically lose when time's up. (requested by RggV)\n|\n|t:|1658200751\n|start\n|switch|p1a: Slowgatell|Slowbro, F|100\/100\n|switch|p2a: Dragapult|Dragapult, F|100\/100\n|turn|1\n|j| GoldenStateIdiots\n|\n|t:|1658200758\n|move|p2a: Dragapult|U-turn|p1a: Slowgatell\n|-supereffective|p1a: Slowgatell\n|-damage|p1a: Slowgatell|51\/100\n|-damage|p2a: Dragapult|84\/100|[from] item: Rocky Helmet|[of] p1a: Slowgatell\n|\n|t:|1658200760\n|switch|p2a: Aegislash|Aegislash, M|100\/100|[from]move: U-turn\n|move|p1a: Slowgatell|Scald|p2a: Aegislash\n|-damage|p2a: Aegislash|73\/100\n|\n|upkeep\n|turn|2\n|\n|t:|1658200768\n|switch|p1a: Hippowdon|Hippowdon, M|100\/100\n|-weather|Sandstorm|[from] ability: Sand Stream|[of] p1a: Hippowdon\n|-formechange|p2a: Aegislash|Aegislash-Blade||[from] ability: Stance Change\n|move|p2a: Aegislash|Shadow Ball|p1a: Hippowdon\n|-damage|p1a: Hippowdon|45\/100\n|\n|-weather|Sandstorm|[upkeep]\n|-heal|p1a: Hippowdon|51\/100|[from] item: Leftovers\n|upkeep\n|turn|3\n|j| ikoero\n|\n|t:|1658200782\n|move|p2a: Aegislash|Shadow Ball|p1a: Hippowdon\n|-damage|p1a: Hippowdon|0 fnt\n|faint|p1a: Hippowdon\n|\n|-weather|Sandstorm|[upkeep]\n|upkeep\n|\n|t:|1658200789\n|switch|p1a: Zapdos|Zapdos-Galar|100\/100\n|turn|4\n|\n|t:|1658200793\n|move|p1a: Zapdos|Brave Bird|p2a: Aegislash\n|-resisted|p2a: Aegislash\n|-damage|p2a: Aegislash|0 fnt\n|faint|p2a: Aegislash\n|-damage|p1a: Zapdos|81\/100|[from] Recoil\n|\n|-weather|Sandstorm|[upkeep]\n|-damage|p1a: Zapdos|75\/100|[from] Sandstorm\n|upkeep\n|\n|t:|1658200802\n|switch|p2a: Dragapult|Dragapult, F|84\/100\n|turn|5\n|\n|t:|1658200805\n|switch|p1a: Scizor|Scizor, M|100\/100\n|move|p2a: Dragapult|Phantom Force||[still]\n|-prepare|p2a: Dragapult|Phantom Force\n|\n|-weather|Sandstorm|[upkeep]\n|-damage|p2a: Dragapult|78\/100|[from] Sandstorm\n|upkeep\n|turn|6\n|\n|t:|1658200813\n|move|p2a: Dragapult|Phantom Force|p1a: Scizor|[from]lockedmove\n|-damage|p1a: Scizor|40\/100\n|move|p1a: Scizor|Roost|p1a: Scizor\n|-heal|p1a: Scizor|90\/100\n|-singleturn|p1a: Scizor|move: Roost\n|\n|-weather|none\n|-heal|p1a: Scizor|96\/100|[from] item: Leftovers\n|upkeep\n|turn|7\n|\n|t:|1658200823\n|switch|p2a: Landorus|Landorus-Therian, M|100\/100\n|-ability|p2a: Landorus|Intimidate|boost\n|-unboost|p1a: Scizor|atk|1\n|move|p1a: Scizor|U-turn|p2a: Landorus\n|-resisted|p2a: Landorus\n|-damage|p2a: Landorus|91\/100\n|\n|t:|1658200838\n|switch|p1a: Slowgatell|Slowbro, F|85\/100|[from]move: U-turn\n|\n|-heal|p2a: Landorus|97\/100|[from] item: Leftovers\n|upkeep\n|turn|8\n|\n|t:|1658200848\n|move|p2a: Landorus|Toxic|p1a: Slowgatell\n|-status|p1a: Slowgatell|tox\n|move|p1a: Slowgatell|Toxic|p2a: Landorus\n|-status|p2a: Landorus|tox\n|\n|-heal|p2a: Landorus|100\/100 tox|[from] item: Leftovers\n|-damage|p2a: Landorus|94\/100 tox|[from] psn\n|-damage|p1a: Slowgatell|78\/100 tox|[from] psn\n|upkeep\n|turn|9\n|\n|t:|1658200858\n|switch|p2a: Rotom|Rotom-Wash|100\/100\n|move|p1a: Slowgatell|Teleport|p1a: Slowgatell\n|\n|t:|1658200864\n|switch|p1a: Regieleki|Regieleki|100\/100|[from]move: Teleport\n|\n|upkeep\n|turn|10\n|\n|t:|1658200870\n|move|p1a: Regieleki|Volt Switch|p2a: Rotom\n|-crit|p2a: Rotom\n|-damage|p2a: Rotom|19\/100\n|\n|t:|1658200874\n|switch|p1a: Dracozolt|Dracozolt|100\/100|[from]move: Volt Switch\n|move|p2a: Rotom|Hydro Pump|p1a: Dracozolt\n|-resisted|p1a: Dracozolt\n|-damage|p1a: Dracozolt|72\/100\n|\n|-heal|p1a: Dracozolt|79\/100|[from] item: Leftovers\n|-heal|p2a: Rotom|25\/100|[from] item: Leftovers\n|upkeep\n|turn|11\n|\n|t:|1658200891\n|switch|p2a: Landorus|Landorus-Therian, M|94\/100 tox\n|-ability|p2a: Landorus|Intimidate|boost\n|-unboost|p1a: Dracozolt|atk|1\n|move|p1a: Dracozolt|Substitute|p1a: Dracozolt\n|-start|p1a: Dracozolt|Substitute\n|-damage|p1a: Dracozolt|54\/100\n|\n|-heal|p1a: Dracozolt|60\/100|[from] item: Leftovers\n|-heal|p2a: Landorus|100\/100 tox|[from] item: Leftovers\n|-damage|p2a: Landorus|94\/100 tox|[from] psn\n|upkeep\n|turn|12\n|\n|t:|1658200904\n|switch|p2a: Weavile|Weavile, M|100\/100\n|-ability|p2a: Weavile|Pressure\n|move|p1a: Dracozolt|Draco Meteor|p2a: Weavile\n|-damage|p2a: Weavile|45\/100\n|-unboost|p1a: Dracozolt|spa|2\n|\n|-heal|p1a: Dracozolt|66\/100|[from] item: Leftovers\n|upkeep\n|turn|13\n|\n|t:|1658200916\n|switch|p1a: Slowgatell|Slowbro, F|100\/100 tox\n|move|p2a: Weavile|Knock Off|p1a: Slowgatell\n|-supereffective|p1a: Slowgatell\n|-damage|p1a: Slowgatell|38\/100 tox\n|-damage|p2a: Weavile|28\/100|[from] item: Rocky Helmet|[of] p1a: Slowgatell\n|-enditem|p1a: Slowgatell|Rocky Helmet|[from] move: Knock Off|[of] p2a: Weavile\n|\n|-damage|p1a: Slowgatell|32\/100 tox|[from] psn\n|upkeep\n|turn|14\n|\n|t:|1658200926\n|switch|p1a: Scizor|Scizor, M|96\/100\n|move|p2a: Weavile|Knock Off|p1a: Scizor\n|-damage|p1a: Scizor|56\/100\n|-enditem|p1a: Scizor|Leftovers|[from] move: Knock Off|[of] p2a: Weavile\n|\n|upkeep\n|turn|15\n|\n|t:|1658200934\n|switch|p2a: Lucario|Lucario, M|100\/100\n|move|p1a: Scizor|Roost|p1a: Scizor\n|-heal|p1a: Scizor|100\/100\n|-singleturn|p1a: Scizor|move: Roost\n|\n|upkeep\n|turn|16\n|\n|t:|1658200940\n|move|p2a: Lucario|Nasty Plot|p2a: Lucario\n|-boost|p2a: Lucario|spa|2\n|move|p1a: Scizor|U-turn|p2a: Lucario\n|-resisted|p2a: Lucario\n|-damage|p2a: Lucario|88\/100\n|j| Partynparadise\n|\n|t:|1658200946\n|switch|p1a: Regieleki|Regieleki|100\/100|[from]move: U-turn\n|\n|upkeep\n|turn|17\n|\n|t:|1658200959\n|move|p2a: Lucario|Vacuum Wave|p1a: Regieleki\n|-damage|p1a: Regieleki|1\/100\n|-damage|p2a: Lucario|78\/100|[from] item: Life Orb\n|move|p1a: Regieleki|Volt Switch|p2a: Lucario\n|-damage|p2a: Lucario|0 fnt\n|faint|p2a: Lucario\n|\n|t:|1658200979\n|switch|p1a: Zapdos|Zapdos-Galar|75\/100|[from]move: Volt Switch\n|\n|upkeep\n|\n|t:|1658200983\n|switch|p2a: Dragapult|Dragapult, F|78\/100\n|turn|18\n|\n|t:|1658200987\n|switch|p1a: Scizor|Scizor, M|100\/100\n|move|p2a: Dragapult|U-turn|p1a: Scizor\n|-resisted|p1a: Scizor\n|-crit|p1a: Scizor\n|-damage|p1a: Scizor|78\/100\n|j| CanUrepeat\n|\n|t:|1658200991\n|switch|p2a: Landorus|Landorus-Therian, M|94\/100 tox|[from]move: U-turn\n|-ability|p2a: Landorus|Intimidate|boost\n|-unboost|p1a: Scizor|atk|1\n|\n|-heal|p2a: Landorus|100\/100 tox|[from] item: Leftovers\n|-damage|p2a: Landorus|94\/100 tox|[from] psn\n|upkeep\n|turn|19\n|\n|t:|1658201001\n|move|p2a: Landorus|Stealth Rock|p1a: Scizor\n|-sidestart|p1: Fastpitchkiller|move: Stealth Rock\n|move|p1a: Scizor|Swords Dance|p1a: Scizor\n|-boost|p1a: Scizor|atk|2\n|\n|-heal|p2a: Landorus|100\/100 tox|[from] item: Leftovers\n|-damage|p2a: Landorus|88\/100 tox|[from] psn\n|upkeep\n|turn|20\n|\n|t:|1658201010\n|move|p2a: Landorus|U-turn|p1a: Scizor\n|-resisted|p1a: Scizor\n|-damage|p1a: Scizor|69\/100\n|\n|t:|1658201014\n|switch|p2a: Dragapult|Dragapult, F|78\/100|[from]move: U-turn\n|move|p1a: Scizor|Roost|p1a: Scizor\n|-heal|p1a: Scizor|100\/100\n|-singleturn|p1a: Scizor|move: Roost\n|\n|upkeep\n|turn|21\n|\n|t:|1658201026\n|move|p1a: Scizor|Bullet Punch|p2a: Dragapult\n|-damage|p2a: Dragapult|28\/100\n|move|p2a: Dragapult|U-turn|p1a: Scizor\n|-resisted|p1a: Scizor\n|-damage|p1a: Scizor|87\/100\n|\n|t:|1658201028\n|switch|p2a: Rotom|Rotom-Wash|25\/100|[from]move: U-turn\n|\n|-heal|p2a: Rotom|32\/100|[from] item: Leftovers\n|upkeep\n|turn|22\n|\n|t:|1658201048\n|move|p1a: Scizor|Bullet Punch|p2a: Rotom\n|-resisted|p2a: Rotom\n|-damage|p2a: Rotom|22\/100\n|move|p2a: Rotom|Pain Split|p1a: Scizor\n|-sethp|p1a: Scizor|53\/100|[from] move: Pain Split|[silent]\n|-sethp|p2a: Rotom|60\/100|[from] move: Pain Split\n|\n|-heal|p2a: Rotom|67\/100|[from] item: Leftovers\n|upkeep\n|turn|23\n|\n|t:|1658201057\n|move|p2a: Rotom|Hydro Pump|p1a: Scizor\n|-damage|p1a: Scizor|12\/100\n|move|p1a: Scizor|Roost|p1a: Scizor\n|-heal|p1a: Scizor|62\/100\n|-singleturn|p1a: Scizor|move: Roost\n|\n|-heal|p2a: Rotom|73\/100|[from] item: Leftovers\n|upkeep\n|turn|24\n|\n|t:|1658201066\n|move|p2a: Rotom|Hydro Pump|p1a: Scizor\n|-damage|p1a: Scizor|16\/100\n|move|p1a: Scizor|Roost|p1a: Scizor\n|-heal|p1a: Scizor|66\/100\n|-singleturn|p1a: Scizor|move: Roost\n|\n|-heal|p2a: Rotom|79\/100|[from] item: Leftovers\n|upkeep\n|turn|25\n|\n|t:|1658201074\n|move|p2a: Rotom|Hydro Pump|p1a: Scizor|[miss]\n|-miss|p2a: Rotom|p1a: Scizor\n|move|p1a: Scizor|Roost|p1a: Scizor\n|-heal|p1a: Scizor|100\/100\n|-singleturn|p1a: Scizor|move: Roost\n|\n|-heal|p2a: Rotom|85\/100|[from] item: Leftovers\n|upkeep\n|turn|26\n|\n|t:|1658201082\n|move|p2a: Rotom|Hydro Pump|p1a: Scizor\n|-damage|p1a: Scizor|55\/100\n|move|p1a: Scizor|Swords Dance|p1a: Scizor\n|-boost|p1a: Scizor|atk|2\n|\n|-heal|p2a: Rotom|92\/100|[from] item: Leftovers\n|upkeep\n|turn|27\n|\n|t:|1658201091\n|move|p2a: Rotom|Hydro Pump|p1a: Scizor\n|-damage|p1a: Scizor|10\/100\n|move|p1a: Scizor|Roost|p1a: Scizor\n|-heal|p1a: Scizor|60\/100\n|-singleturn|p1a: Scizor|move: Roost\n|\n|-heal|p2a: Rotom|98\/100|[from] item: Leftovers\n|upkeep\n|turn|28\n|\n|t:|1658201099\n|move|p2a: Rotom|Volt Switch|p1a: Scizor\n|-damage|p1a: Scizor|32\/100\n|\n|t:|1658201102\n|switch|p2a: Landorus|Landorus-Therian, M|88\/100 tox|[from]move: Volt Switch\n|-ability|p2a: Landorus|Intimidate|boost\n|-unboost|p1a: Scizor|atk|1\n|move|p1a: Scizor|Roost|p1a: Scizor\n|-heal|p1a: Scizor|82\/100\n|-singleturn|p1a: Scizor|move: Roost\n|\n|-heal|p2a: Landorus|94\/100 tox|[from] item: Leftovers\n|-damage|p2a: Landorus|88\/100 tox|[from] psn\n|upkeep\n|turn|29\n|\n|t:|1658201113\n|move|p2a: Landorus|Earthquake|p1a: Scizor\n|-damage|p1a: Scizor|43\/100\n|move|p1a: Scizor|Swords Dance|p1a: Scizor\n|-boost|p1a: Scizor|atk|2\n|\n|-heal|p2a: Landorus|94\/100 tox|[from] item: Leftovers\n|-damage|p2a: Landorus|82\/100 tox|[from] psn\n|upkeep\n|turn|30\n|\n|t:|1658201122\n|move|p2a: Landorus|Earthquake|p1a: Scizor\n|-damage|p1a: Scizor|7\/100\n|move|p1a: Scizor|Roost|p1a: Scizor\n|-heal|p1a: Scizor|57\/100\n|-singleturn|p1a: Scizor|move: Roost\n|\n|-heal|p2a: Landorus|88\/100 tox|[from] item: Leftovers\n|-damage|p2a: Landorus|70\/100 tox|[from] psn\n|upkeep\n|turn|31\n|\n|t:|1658201132\n|move|p2a: Landorus|Earthquake|p1a: Scizor\n|-damage|p1a: Scizor|19\/100\n|move|p1a: Scizor|Roost|p1a: Scizor\n|-heal|p1a: Scizor|69\/100\n|-singleturn|p1a: Scizor|move: Roost\n|\n|-heal|p2a: Landorus|76\/100 tox|[from] item: Leftovers\n|-damage|p2a: Landorus|52\/100 tox|[from] psn\n|upkeep\n|turn|32\n|\n|t:|1658201144\n|move|p2a: Landorus|Earthquake|p1a: Scizor\n|-damage|p1a: Scizor|31\/100\n|move|p1a: Scizor|Roost|p1a: Scizor\n|-heal|p1a: Scizor|81\/100\n|-singleturn|p1a: Scizor|move: Roost\n|\n|-heal|p2a: Landorus|58\/100 tox|[from] item: Leftovers\n|-damage|p2a: Landorus|28\/100 tox|[from] psn\n|upkeep\n|turn|33\n|\n|t:|1658201154\n|move|p1a: Scizor|Bullet Punch|p2a: Landorus\n|-damage|p2a: Landorus|0 fnt\n|faint|p2a: Landorus\n|\n|upkeep\n|\n|t:|1658201156\n|switch|p2a: Dragapult|Dragapult, F|28\/100\n|turn|34\n|\n|t:|1658201162\n|move|p2a: Dragapult|Sucker Punch||[still]\n|-fail|p2a: Dragapult\n|move|p1a: Scizor|Roost|p1a: Scizor\n|-heal|p1a: Scizor|100\/100\n|-singleturn|p1a: Scizor|move: Roost\n|\n|upkeep\n|turn|35\n|\n|t:|1658201168\n|move|p2a: Dragapult|Sucker Punch||[still]\n|-fail|p2a: Dragapult\n|move|p1a: Scizor|Swords Dance|p1a: Scizor\n|-boost|p1a: Scizor|atk|2\n|\n|upkeep\n|turn|36\n|\n|t:|1658201174\n|move|p2a: Dragapult|Sucker Punch||[still]\n|-fail|p2a: Dragapult\n|move|p1a: Scizor|Swords Dance|p1a: Scizor\n|-boost|p1a: Scizor|atk|0\n|\n|upkeep\n|turn|37\n|\n|t:|1658201180\n|move|p2a: Dragapult|Sucker Punch||[still]\n|-fail|p2a: Dragapult\n|move|p1a: Scizor|Swords Dance|p1a: Scizor\n|-boost|p1a: Scizor|atk|0\n|\n|upkeep\n|turn|38\n|l| GoldenStateIdiots\n|\n|t:|1658201186\n|switch|p2a: Rotom|Rotom-Wash|98\/100\n|move|p1a: Scizor|Swords Dance|p1a: Scizor\n|-boost|p1a: Scizor|atk|0\n|\n|-heal|p2a: Rotom|100\/100|[from] item: Leftovers\n|upkeep\n|turn|39\n|\n|t:|1658201194\n|move|p1a: Scizor|Bullet Punch|p2a: Rotom\n|-resisted|p2a: Rotom\n|-damage|p2a: Rotom|74\/100\n|move|p2a: Rotom|Volt Switch|p1a: Scizor\n|-damage|p1a: Scizor|72\/100\n|\n|t:|1658201200\n|switch|p2a: Dragapult|Dragapult, F|28\/100|[from]move: Volt Switch\n|\n|upkeep\n|turn|40\n|\n|t:|1658201207\n|move|p1a: Scizor|Bullet Punch|p2a: Dragapult\n|-damage|p2a: Dragapult|0 fnt\n|faint|p2a: Dragapult\n|\n|upkeep\n|\n|t:|1658201209\n|switch|p2a: Rotom|Rotom-Wash|74\/100\n|turn|41\n|l| CanUrepeat\n|\n|t:|1658201216\n|move|p2a: Rotom|Hydro Pump|p1a: Scizor|[miss]\n|-miss|p2a: Rotom|p1a: Scizor\n|move|p1a: Scizor|Roost|p1a: Scizor\n|-heal|p1a: Scizor|100\/100\n|-singleturn|p1a: Scizor|move: Roost\n|\n|-heal|p2a: Rotom|80\/100|[from] item: Leftovers\n|upkeep\n|turn|42\n|c|\u2606RggV|Gg\n|-message|RggV forfeited.\n|\n|win|Fastpitchkiller\n|raw|Fastpitchkiller's rating: 1713 &rarr; <strong>1731<\/strong><br \/>(+18 for winning)\n|raw|RggV's rating: 1682 &rarr; <strong>1664<\/strong><br \/>(-18 for losing)\n|l|\u2606RggV\n||Ladder isn't responding, score probably updated but might not have (Request timeout).\n","uploadtime":1658201274,"views":15,"p1id":"fastpitchkiller","p2id":"rggv","formatid":"gen8ou","rating":1664,"private":0,"password":null}