{"id":"gen8ou-1338863069","p1":"SternLance","p2":"friedfreak","format":"gen8ou","log":"|j|\u2606SternLance\n|j|\u2606friedfreak\n|t:|1620799508\n|gametype|singles\n|player|p1|SternLance|brock|1892\n|player|p2|friedfreak|101|1807\n|teamsize|p1|6\n|teamsize|p2|6\n|gen|8\n|tier|[Gen 8] OU\n|rated|\n|rule|Sleep Clause Mod: Limit one foe put to sleep\n|rule|Species Clause: Limit one of each Pok\u00e9mon\n|rule|OHKO Clause: OHKO moves are banned\n|rule|Evasion Moves Clause: Evasion moves are banned\n|rule|Endless Battle Clause: Forcing endless battles is banned\n|rule|HP Percentage Mod: HP is shown in percentages\n|rule|Dynamax Clause: You cannot dynamax\n|clearpoke\n|poke|p1|Moltres|\n|poke|p1|Mamoswine, M|\n|poke|p1|Swampert, F|\n|poke|p1|Tapu Koko|\n|poke|p1|Metagross|\n|poke|p1|Salamence, F|\n|poke|p2|Volcarona, F|\n|poke|p2|Hydreigon, M|\n|poke|p2|Clefable, M|\n|poke|p2|Melmetal|\n|poke|p2|Tapu Fini|\n|poke|p2|Garchomp, F|\n|teampreview\n|inactive|Battle timer is ON: inactive players will automatically lose when time's up. (requested by friedfreak)\n|j| cubaknow\n|inactive|SternLance has 120 seconds left.\n|\n|t:|1620799553\n|start\n|switch|p1a: Ushiwaka|Mamoswine, M|100\/100\n|switch|p2a: Tapu Fini|Tapu Fini|100\/100\n|-fieldstart|move: Misty Terrain|[from] ability: Misty Surge|[of] p2a: Tapu Fini\n|turn|1\n|j| gpz123\n|\n|t:|1620799559\n|switch|p1a: DAICHI|Swampert, F|100\/100\n|move|p2a: Tapu Fini|Scald|p1a: DAICHI\n|-damage|p1a: DAICHI|71\/100\n|\n|-heal|p1a: DAICHI|78\/100|[from] item: Leftovers\n|upkeep\n|turn|2\n|\n|t:|1620799568\n|switch|p2a: Garchomp|Garchomp, F|100\/100\n|move|p1a: DAICHI|Stealth Rock|p2a: Garchomp\n|-sidestart|p2: friedfreak|move: Stealth Rock\n|\n|-heal|p1a: DAICHI|84\/100|[from] item: Leftovers\n|upkeep\n|turn|3\n|\n|t:|1620799574\n|move|p2a: Garchomp|Stealth Rock|p1a: DAICHI\n|-sidestart|p1: SternLance|move: Stealth Rock\n|move|p1a: DAICHI|Flip Turn|p2a: Garchomp\n|-damage|p2a: Garchomp|76\/100\n|-damage|p1a: DAICHI|71\/100|[from] ability: Rough Skin|[of] p2a: Garchomp\n|\n|t:|1620799578\n|switch|p1a: Ushiwaka|Mamoswine, M|100\/100|[from]move: Flip Turn\n|-damage|p1a: Ushiwaka|88\/100|[from] Stealth Rock\n|\n|-heal|p2a: Garchomp|82\/100|[from] item: Leftovers\n|upkeep\n|turn|4\n|l| gpz123\n|inactive|friedfreak has 120 seconds left.\n|\n|t:|1620799613\n|switch|p2a: Hydreigon|Hydreigon, M|100\/100\n|-damage|p2a: Hydreigon|88\/100|[from] Stealth Rock\n|move|p1a: Ushiwaka|Knock Off|p2a: Hydreigon\n|-resisted|p2a: Hydreigon\n|-damage|p2a: Hydreigon|65\/100\n|-enditem|p2a: Hydreigon|Leftovers|[from] move: Knock Off|[of] p1a: Ushiwaka\n|\n|upkeep\n|turn|5\n|inactive|friedfreak has 120 seconds left.\n|\n|t:|1620799633\n|move|p1a: Ushiwaka|Ice Shard|p2a: Hydreigon\n|-supereffective|p2a: Hydreigon\n|-damage|p2a: Hydreigon|2\/100\n|move|p2a: Hydreigon|Earth Power|p1a: Ushiwaka\n|-damage|p1a: Ushiwaka|48\/100\n|\n|-fieldend|Misty Terrain\n|upkeep\n|turn|6\n|inactive|friedfreak has 120 seconds left.\n|\n|t:|1620799644\n|move|p1a: Ushiwaka|Ice Shard|p2a: Hydreigon\n|-supereffective|p2a: Hydreigon\n|-damage|p2a: Hydreigon|0 fnt\n|faint|p2a: Hydreigon\n|\n|upkeep\n|inactive|friedfreak has 120 seconds left.\n|inactive|friedfreak has 90 seconds left.\n|\n|t:|1620799681\n|switch|p2a: Volcarona|Volcarona, F|100\/100\n|turn|7\n|inactive|friedfreak has 90 seconds left.\n|\n|t:|1620799694\n|switch|p1a: Salamence|Salamence, F|100\/100\n|-ability|p1a: Salamence|Intimidate|boost\n|-unboost|p2a: Volcarona|atk|1\n|move|p2a: Volcarona|Giga Drain|p1a: Salamence\n|-resisted|p1a: Salamence\n|-damage|p1a: Salamence|94\/100\n|\n|upkeep\n|turn|8\n|inactive|friedfreak has 90 seconds left.\n|\n|t:|1620799710\n|switch|p2a: Clefable|Clefable, M|100\/100\n|move|p1a: Salamence|Earthquake|p2a: Clefable\n|-damage|p2a: Clefable|58\/100\n|\n|-heal|p2a: Clefable|64\/100|[from] item: Leftovers\n|upkeep\n|turn|9\n|j| 33EE3\n|\n|t:|1620799718\n|switch|p1a: Tsukki|Metagross|100\/100\n|-damage|p1a: Tsukki|94\/100|[from] Stealth Rock\n|move|p2a: Clefable|Soft-Boiled|p2a: Clefable\n|-heal|p2a: Clefable|100\/100\n|\n|upkeep\n|turn|10\n|\n|t:|1620799728\n|switch|p2a: Volcarona|Volcarona, F|100\/100\n|move|p1a: Tsukki|Meteor Mash|p2a: Volcarona\n|-resisted|p2a: Volcarona\n|-damage|p2a: Volcarona|69\/100\n|-boost|p1a: Tsukki|atk|1\n|\n|upkeep\n|turn|11\n|\n|t:|1620799737\n|switch|p1a: Salamence|Salamence, F|94\/100\n|-ability|p1a: Salamence|Intimidate|boost\n|-unboost|p2a: Volcarona|atk|1\n|move|p2a: Volcarona|Fiery Dance|p1a: Salamence\n|-resisted|p1a: Salamence\n|-damage|p1a: Salamence|71\/100\n|\n|upkeep\n|turn|12\n|\n|t:|1620799746\n|switch|p2a: Clefable|Clefable, M|100\/100\n|move|p1a: Salamence|Dual Wingbeat|p2a: Clefable\n|-damage|p2a: Clefable|75\/100\n|-crit|p2a: Clefable\n|-damage|p2a: Clefable|37\/100\n|-hitcount|p2a: Clefable|2\n|\n|-heal|p2a: Clefable|43\/100|[from] item: Leftovers\n|upkeep\n|turn|13\n|\n|t:|1620799757\n|move|p1a: Salamence|Dual Wingbeat|p2a: Clefable\n|-damage|p2a: Clefable|16\/100\n|-damage|p2a: Clefable|0 fnt\n|-hitcount|p2a: Clefable|2\n|faint|p2a: Clefable\n|\n|upkeep\n|inactive|friedfreak has 90 seconds left.\n|\n|t:|1620799787\n|switch|p2a: Tapu Fini|Tapu Fini|100\/100\n|-damage|p2a: Tapu Fini|88\/100|[from] Stealth Rock\n|-fieldstart|move: Misty Terrain|[from] ability: Misty Surge|[of] p2a: Tapu Fini\n|turn|14\n|inactive|friedfreak has 90 seconds left.\n|\n|t:|1620799798\n|switch|p1a: Tsukki|Metagross|94\/100\n|-damage|p1a: Tsukki|88\/100|[from] Stealth Rock\n|move|p2a: Tapu Fini|Moonblast|p1a: Tsukki\n|-resisted|p1a: Tsukki\n|-damage|p1a: Tsukki|75\/100\n|\n|upkeep\n|turn|15\n|j| Jun10w\n|inactive|friedfreak has 90 seconds left.\n|l| Jun10w\n|\n|t:|1620799820\n|switch|p2a: Volcarona|Volcarona, F|69\/100\n|move|p1a: Tsukki|Earthquake|p2a: Volcarona\n|-damage|p2a: Volcarona|26\/100\n|\n|upkeep\n|turn|16\n|\n|t:|1620799825\n|move|p2a: Volcarona|Roost|p2a: Volcarona\n|-heal|p2a: Volcarona|76\/100\n|-singleturn|p2a: Volcarona|move: Roost\n|move|p1a: Tsukki|Earthquake|p2a: Volcarona\n|-damage|p2a: Volcarona|28\/100\n|\n|upkeep\n|turn|17\n|\n|t:|1620799830\n|move|p2a: Volcarona|Roost|p2a: Volcarona\n|-heal|p2a: Volcarona|78\/100\n|-singleturn|p2a: Volcarona|move: Roost\n|move|p1a: Tsukki|Earthquake|p2a: Volcarona\n|-damage|p2a: Volcarona|33\/100\n|\n|upkeep\n|turn|18\n|\n|t:|1620799843\n|switch|p1a: Salamence|Salamence, F|71\/100\n|-ability|p1a: Salamence|Intimidate|boost\n|-unboost|p2a: Volcarona|atk|1\n|move|p2a: Volcarona|Roost|p2a: Volcarona\n|-heal|p2a: Volcarona|83\/100\n|-singleturn|p2a: Volcarona|move: Roost\n|\n|-fieldend|Misty Terrain\n|upkeep\n|turn|19\n|\n|t:|1620799853\n|switch|p2a: Garchomp|Garchomp, F|82\/100\n|-damage|p2a: Garchomp|76\/100|[from] Stealth Rock\n|move|p1a: Salamence|Earthquake|p2a: Garchomp\n|-damage|p2a: Garchomp|34\/100\n|\n|-heal|p2a: Garchomp|40\/100|[from] item: Leftovers\n|upkeep\n|turn|20\n|\n|t:|1620799862\n|switch|p1a: DAICHI|Swampert, F|71\/100\n|-damage|p1a: DAICHI|65\/100|[from] Stealth Rock\n|move|p2a: Garchomp|Stone Edge|p1a: DAICHI\n|-resisted|p1a: DAICHI\n|-damage|p1a: DAICHI|54\/100\n|\n|-heal|p2a: Garchomp|46\/100|[from] item: Leftovers\n|-heal|p1a: DAICHI|60\/100|[from] item: Leftovers\n|upkeep\n|turn|21\n|\n|t:|1620799871\n|move|p2a: Garchomp|Earthquake|p1a: DAICHI\n|-damage|p1a: DAICHI|27\/100\n|move|p1a: DAICHI|Yawn|p2a: Garchomp\n|-start|p2a: Garchomp|move: Yawn|[of] p1a: DAICHI\n|\n|-heal|p2a: Garchomp|52\/100|[from] item: Leftovers\n|-heal|p1a: DAICHI|33\/100|[from] item: Leftovers\n|upkeep\n|turn|22\n|\n|t:|1620799880\n|switch|p2a: Tapu Fini|Tapu Fini|88\/100\n|-damage|p2a: Tapu Fini|76\/100|[from] Stealth Rock\n|-fieldstart|move: Misty Terrain|[from] ability: Misty Surge|[of] p2a: Tapu Fini\n|move|p1a: DAICHI|Flip Turn|p2a: Tapu Fini\n|-resisted|p2a: Tapu Fini\n|-damage|p2a: Tapu Fini|58\/100\n|\n|t:|1620799889\n|switch|p1a: Tsukki|Metagross|75\/100|[from]move: Flip Turn\n|-damage|p1a: Tsukki|69\/100|[from] Stealth Rock\n|\n|upkeep\n|turn|23\n|\n|t:|1620799894\n|switch|p2a: Volcarona|Volcarona, F|83\/100\n|move|p1a: Tsukki|Earthquake|p2a: Volcarona\n|-damage|p2a: Volcarona|33\/100\n|\n|upkeep\n|turn|24\n|\n|t:|1620799902\n|switch|p1a: Salamence|Salamence, F|71\/100\n|-ability|p1a: Salamence|Intimidate|boost\n|-unboost|p2a: Volcarona|atk|1\n|move|p2a: Volcarona|Roost|p2a: Volcarona\n|-heal|p2a: Volcarona|84\/100\n|-singleturn|p2a: Volcarona|move: Roost\n|\n|upkeep\n|turn|25\n|\n|t:|1620799911\n|switch|p2a: Melmetal|Melmetal|100\/100\n|-damage|p2a: Melmetal|94\/100|[from] Stealth Rock\n|move|p1a: Salamence|Earthquake|p2a: Melmetal\n|-supereffective|p2a: Melmetal\n|-damage|p2a: Melmetal|48\/100\n|\n|upkeep\n|turn|26\n|\n|t:|1620799924\n|switch|p1a: Pinch|Moltres|100\/100\n|move|p2a: Melmetal|Double Iron Bash|p1a: Pinch\n|-resisted|p1a: Pinch\n|-damage|p1a: Pinch|78\/100\n|-resisted|p1a: Pinch\n|-damage|p1a: Pinch|53\/100\n|-hitcount|p1a: Pinch|2\n|\n|-fieldend|Misty Terrain\n|upkeep\n|turn|27\n|\n|t:|1620799931\n|switch|p2a: Garchomp|Garchomp, F|52\/100\n|-damage|p2a: Garchomp|46\/100|[from] Stealth Rock\n|move|p1a: Pinch|Flamethrower|p2a: Garchomp\n|-resisted|p2a: Garchomp\n|-damage|p2a: Garchomp|20\/100\n|\n|-heal|p2a: Garchomp|26\/100|[from] item: Leftovers\n|upkeep\n|turn|28\n|\n|t:|1620799951\n|switch|p1a: DAICHI|Swampert, F|33\/100\n|-damage|p1a: DAICHI|27\/100|[from] Stealth Rock\n|move|p2a: Garchomp|Stone Edge|p1a: DAICHI\n|-resisted|p1a: DAICHI\n|-damage|p1a: DAICHI|15\/100\n|\n|-heal|p2a: Garchomp|32\/100|[from] item: Leftovers\n|-heal|p1a: DAICHI|21\/100|[from] item: Leftovers\n|upkeep\n|turn|29\n|\n|t:|1620799960\n|move|p2a: Garchomp|Earthquake|p1a: DAICHI\n|-damage|p1a: DAICHI|0 fnt\n|faint|p1a: DAICHI\n|\n|-heal|p2a: Garchomp|39\/100|[from] item: Leftovers\n|upkeep\n|inactive|SternLance has 120 seconds left.\n|\n|t:|1620799988\n|switch|p1a: Liberoooo|Tapu Koko|100\/100\n|-damage|p1a: Liberoooo|88\/100|[from] Stealth Rock\n|-fieldstart|move: Electric Terrain|[from] ability: Electric Surge|[of] p1a: Liberoooo\n|turn|30\n|\n|t:|1620799998\n|move|p1a: Liberoooo|Dazzling Gleam|p2a: Garchomp\n|-supereffective|p2a: Garchomp\n|-damage|p2a: Garchomp|0 fnt\n|faint|p2a: Garchomp\n|\n|upkeep\n|\n|t:|1620800006\n|switch|p2a: Melmetal|Melmetal|48\/100\n|-damage|p2a: Melmetal|42\/100|[from] Stealth Rock\n|turn|31\n|\n|t:|1620800022\n|move|p1a: Liberoooo|Thunderbolt|p2a: Melmetal\n|-damage|p2a: Melmetal|11\/100\n|move|p2a: Melmetal|Double Iron Bash|p1a: Liberoooo\n|-damage|p1a: Liberoooo|32\/100\n|-damage|p1a: Liberoooo|0 fnt\n|-hitcount|p1a: Liberoooo|2\n|faint|p1a: Liberoooo\n|\n|upkeep\n|\n|t:|1620800035\n|switch|p1a: Salamence|Salamence, F|71\/100\n|-ability|p1a: Salamence|Intimidate|boost\n|-unboost|p2a: Melmetal|atk|1\n|turn|32\n|j| Aphro mari\n|\n|t:|1620800043\n|move|p1a: Salamence|Earthquake|p2a: Melmetal\n|-supereffective|p2a: Melmetal\n|-damage|p2a: Melmetal|0 fnt\n|faint|p2a: Melmetal\n|\n|upkeep\n|\n|t:|1620800045\n|switch|p2a: Tapu Fini|Tapu Fini|58\/100\n|-damage|p2a: Tapu Fini|46\/100|[from] Stealth Rock\n|-fieldstart|move: Misty Terrain|[from] ability: Misty Surge|[of] p2a: Tapu Fini\n|turn|33\n|\n|t:|1620800057\n|switch|p1a: Pinch|Moltres|53\/100\n|move|p2a: Tapu Fini|Moonblast|p1a: Pinch\n|-resisted|p1a: Pinch\n|-damage|p1a: Pinch|29\/100\n|\n|upkeep\n|turn|34\n|\n|t:|1620800087\n|switch|p2a: Volcarona|Volcarona, F|84\/100\n|move|p1a: Pinch|Mystical Fire|p2a: Volcarona\n|-damage|p2a: Volcarona|50\/100\n|-unboost|p2a: Volcarona|spa|1\n|\n|upkeep\n|turn|35\n|\n|t:|1620800099\n|switch|p2a: Tapu Fini|Tapu Fini|46\/100\n|-damage|p2a: Tapu Fini|33\/100|[from] Stealth Rock\n|move|p1a: Pinch|Mystical Fire|p2a: Tapu Fini\n|-resisted|p2a: Tapu Fini\n|-damage|p2a: Tapu Fini|14\/100\n|-unboost|p2a: Tapu Fini|spa|1\n|\n|upkeep\n|turn|36\n|\n|t:|1620800112\n|move|p2a: Tapu Fini|Scald|p1a: Pinch\n|-supereffective|p1a: Pinch\n|-damage|p1a: Pinch|0 fnt\n|faint|p1a: Pinch\n|\n|upkeep\n|\n|t:|1620800116\n|switch|p1a: Salamence|Salamence, F|71\/100\n|-ability|p1a: Salamence|Intimidate|boost\n|-unboost|p2a: Tapu Fini|atk|1\n|turn|37\n|\n|t:|1620800120\n|move|p2a: Tapu Fini|Scald|p1a: Salamence\n|-resisted|p1a: Salamence\n|-damage|p1a: Salamence|58\/100\n|-status|p1a: Salamence|brn\n|move|p1a: Salamence|Dragon Dance|p1a: Salamence\n|-boost|p1a: Salamence|atk|1\n|-boost|p1a: Salamence|spe|1\n|\n|-damage|p1a: Salamence|52\/100 brn|[from] brn\n|-fieldend|Misty Terrain\n|upkeep\n|turn|38\n|\n|t:|1620800134\n|switch|p2a: Volcarona|Volcarona, F|50\/100\n|move|p1a: Salamence|Earthquake|p2a: Volcarona\n|-damage|p2a: Volcarona|16\/100\n|\n|-damage|p1a: Salamence|46\/100 brn|[from] brn\n|upkeep\n|turn|39\n|\n|t:|1620800139\n|move|p1a: Salamence|Earthquake|p2a: Volcarona\n|-damage|p2a: Volcarona|0 fnt\n|faint|p2a: Volcarona\n|\n|-damage|p1a: Salamence|39\/100 brn|[from] brn\n|upkeep\n|\n|t:|1620800141\n|switch|p2a: Tapu Fini|Tapu Fini|14\/100\n|-damage|p2a: Tapu Fini|2\/100|[from] Stealth Rock\n|-fieldstart|move: Misty Terrain|[from] ability: Misty Surge|[of] p2a: Tapu Fini\n|turn|40\n|\n|t:|1620800144\n|move|p1a: Salamence|Earthquake|p2a: Tapu Fini\n|-damage|p2a: Tapu Fini|0 fnt\n|faint|p2a: Tapu Fini\n|\n|win|SternLance\n|raw|SternLance's rating: 1892 &rarr; <strong>1907<\/strong><br \/>(+15 for winning)\n|raw|friedfreak's rating: 1807 &rarr; <strong>1792<\/strong><br \/>(-15 for losing)\n|l|\u2606friedfreak\n","uploadtime":1620800150,"views":71,"p1id":"sternlance","p2id":"friedfreak","formatid":"gen8ou","rating":1792,"private":0,"password":null}