{"id":"gen8ou-1340137384","p1":"not mb","p2":"DXNNY7","format":"gen8ou","log":"|j|\u203dnot mb\n|j|\u2606DXNNY7\n|t:|1620957318\n|gametype|singles\n|player|p1|not mb|harlequin|1711\n|player|p2|DXNNY7|burglar|1668\n|teamsize|p1|6\n|teamsize|p2|6\n|gen|8\n|tier|[Gen 8] OU\n|rated|\n|rule|Sleep Clause Mod: Limit one foe put to sleep\n|rule|Species Clause: Limit one of each Pok\u00e9mon\n|rule|OHKO Clause: OHKO moves are banned\n|rule|Evasion Moves Clause: Evasion moves are banned\n|rule|Endless Battle Clause: Forcing endless battles is banned\n|rule|HP Percentage Mod: HP is shown in percentages\n|rule|Dynamax Clause: You cannot dynamax\n|clearpoke\n|poke|p1|Scizor, M|\n|poke|p1|Gastrodon-East, F|\n|poke|p1|Zapdos|\n|poke|p1|Landorus-Therian, M|\n|poke|p1|Dragapult, F|\n|poke|p1|Tapu Lele|\n|poke|p2|Blissey, F|\n|poke|p2|Zapdos|\n|poke|p2|Crawdaunt, M|\n|poke|p2|Garchomp, M|\n|poke|p2|Toxapex, M|\n|poke|p2|Kartana|\n|teampreview\n|j| 0zorcNecropHADES\n|\n|t:|1620957339\n|start\n|switch|p1a: Dragapult|Dragapult, F|100\/100\n|switch|p2a: Zapdos|Zapdos|100\/100\n|turn|1\n|\n|t:|1620957345\n|move|p1a: Dragapult|Draco Meteor|p2a: Zapdos\n|-damage|p2a: Zapdos|22\/100\n|-unboost|p1a: Dragapult|spa|2\n|move|p2a: Zapdos|Hurricane|p1a: Dragapult\n|-damage|p1a: Dragapult|34\/100\n|\n|upkeep\n|turn|2\n|\n|t:|1620957355\n|switch|p1a: Scizor|Scizor, M|100\/100\n|switch|p2a: Toxapex|Toxapex, M|100\/100\n|\n|upkeep\n|turn|3\n|\n|t:|1620957362\n|move|p1a: Scizor|Knock Off|p2a: Toxapex\n|-damage|p2a: Toxapex|84\/100\n|-damage|p1a: Scizor|84\/100|[from] item: Rocky Helmet|[of] p2a: Toxapex\n|-enditem|p2a: Toxapex|Rocky Helmet|[from] move: Knock Off|[of] p1a: Scizor\n|move|p2a: Toxapex|Toxic Spikes|p1a: Scizor\n|-sidestart|p1: not mb|move: Toxic Spikes\n|\n|upkeep\n|turn|4\n|inactive|Battle timer is ON: inactive players will automatically lose when time's up. (requested by not mb)\n|\n|t:|1620957394\n|move|p1a: Scizor|U-turn|p2a: Toxapex\n|-resisted|p2a: Toxapex\n|-damage|p2a: Toxapex|75\/100\n|\n|t:|1620957413\n|switch|p1a: Zapdos|Zapdos|100\/100|[from]move: U-turn\n|move|p2a: Toxapex|Scald|p1a: Zapdos\n|-damage|p1a: Zapdos|85\/100\n|\n|upkeep\n|turn|5\n|\n|t:|1620957422\n|switch|p2a: Blissey|Blissey, F|100\/100\n|move|p1a: Zapdos|Defog|p2a: Blissey\n|-unboost|p2a: Blissey|evasion|1\n|-sideend|p1: not mb|Toxic Spikes|[from] move: Defog|[of] p1a: Zapdos\n|\n|upkeep\n|turn|6\n|\n|t:|1620957430\n|move|p1a: Zapdos|Volt Switch|p2a: Blissey\n|-damage|p2a: Blissey|91\/100\n|\n|t:|1620957436\n|switch|p1a: Landorus|Landorus-Therian, M|100\/100|[from]move: Volt Switch\n|-ability|p1a: Landorus|Intimidate|boost\n|-unboost|p2a: Blissey|atk|1\n|move|p2a: Blissey|Stealth Rock|p1a: Landorus\n|-sidestart|p1: not mb|move: Stealth Rock\n|\n|upkeep\n|turn|7\n|\n|t:|1620957461\n|move|p1a: Landorus|Stealth Rock|p2a: Blissey\n|-sidestart|p2: DXNNY7|move: Stealth Rock\n|move|p2a: Blissey|Teleport|p2a: Blissey\n|\n|t:|1620957466\n|switch|p2a: Kartana|Kartana|100\/100|[from]move: Teleport\n|-damage|p2a: Kartana|94\/100|[from] Stealth Rock\n|\n|upkeep\n|turn|8\n|\n|t:|1620957480\n|switch|p1a: Zapdos|Zapdos|85\/100\n|move|p2a: Kartana|Knock Off|p1a: Zapdos\n|-damage|p1a: Zapdos|41\/100\n|-enditem|p1a: Zapdos|Heavy-Duty Boots|[from] move: Knock Off|[of] p2a: Kartana\n|-damage|p2a: Kartana|85\/100|[from] item: Life Orb\n|\n|upkeep\n|turn|9\n|\n|t:|1620957488\n|switch|p2a: Blissey|Blissey, F|91\/100\n|move|p1a: Zapdos|Roost|p1a: Zapdos\n|-heal|p1a: Zapdos|92\/100\n|-singleturn|p1a: Zapdos|move: Roost\n|\n|upkeep\n|turn|10\n|\n|t:|1620957505\n|move|p1a: Zapdos|Volt Switch|p2a: Blissey\n|-damage|p2a: Blissey|80\/100\n|\n|t:|1620957506\n|switch|p1a: Scizor|Scizor, M|84\/100|[from]move: Volt Switch\n|move|p2a: Blissey|Teleport|p2a: Blissey\n|\n|t:|1620957512\n|switch|p2a: Zapdos|Zapdos|22\/100|[from]move: Teleport\n|\n|upkeep\n|turn|11\n|\n|t:|1620957516\n|switch|p1a: Tapu Lele|Tapu Lele|100\/100\n|-damage|p1a: Tapu Lele|88\/100|[from] Stealth Rock\n|-fieldstart|move: Psychic Terrain|[from] ability: Psychic Surge|[of] p1a: Tapu Lele\n|move|p2a: Zapdos|Roost|p2a: Zapdos\n|-heal|p2a: Zapdos|72\/100\n|-singleturn|p2a: Zapdos|move: Roost\n|\n|upkeep\n|turn|12\n|\n|t:|1620957527\n|move|p1a: Tapu Lele|Psyshock|p2a: Zapdos\n|-damage|p2a: Zapdos|2\/100\n|move|p2a: Zapdos|Roost|p2a: Zapdos\n|-heal|p2a: Zapdos|52\/100\n|-singleturn|p2a: Zapdos|move: Roost\n|\n|upkeep\n|turn|13\n|\n|t:|1620957541\n|switch|p1a: Dragapult|Dragapult, F|34\/100\n|-damage|p1a: Dragapult|22\/100|[from] Stealth Rock\n|switch|p2a: Crawdaunt|Crawdaunt, M|100\/100\n|-damage|p2a: Crawdaunt|88\/100|[from] Stealth Rock\n|\n|upkeep\n|turn|14\n|\n|t:|1620957554\n|switch|p2a: Toxapex|Toxapex, M|100\/100\n|-damage|p2a: Toxapex|88\/100|[from] Stealth Rock\n|move|p1a: Dragapult|U-turn|p2a: Toxapex\n|-resisted|p2a: Toxapex\n|-damage|p2a: Toxapex|83\/100\n|\n|t:|1620957557\n|switch|p1a: Tapu Lele|Tapu Lele|88\/100|[from]move: U-turn\n|-damage|p1a: Tapu Lele|76\/100|[from] Stealth Rock\n|\n|upkeep\n|turn|15\n|\n|t:|1620957582\n|switch|p2a: Zapdos|Zapdos|52\/100\n|move|p1a: Tapu Lele|Moonblast|p2a: Zapdos\n|-damage|p2a: Zapdos|0 fnt\n|faint|p2a: Zapdos\n|\n|-fieldend|move: Psychic Terrain\n|upkeep\n|inactive|DXNNY7 has 120 seconds left.\n|inactive|DXNNY7 has 90 seconds left.\n|\n|t:|1620957634\n|switch|p2a: Toxapex|Toxapex, M|100\/100\n|-damage|p2a: Toxapex|88\/100|[from] Stealth Rock\n|turn|16\n|inactive|DXNNY7 has 90 seconds left.\n|\n|t:|1620957642\n|switch|p2a: Garchomp|Garchomp, M|100\/100\n|-damage|p2a: Garchomp|94\/100|[from] Stealth Rock\n|move|p1a: Tapu Lele|Moonblast|p2a: Garchomp\n|-supereffective|p2a: Garchomp\n|-damage|p2a: Garchomp|0 fnt\n|faint|p2a: Garchomp\n|\n|upkeep\n|inactive|DXNNY7 has 90 seconds left.\n|\n|t:|1620957657\n|switch|p2a: Toxapex|Toxapex, M|100\/100\n|-damage|p2a: Toxapex|88\/100|[from] Stealth Rock\n|turn|17\n|\n|t:|1620957663\n|switch|p1a: Zapdos|Zapdos|92\/100\n|-damage|p1a: Zapdos|67\/100|[from] Stealth Rock\n|switch|p2a: Crawdaunt|Crawdaunt, M|88\/100\n|-damage|p2a: Crawdaunt|76\/100|[from] Stealth Rock\n|\n|upkeep\n|turn|18\n|\n|t:|1620957672\n|move|p1a: Zapdos|Volt Switch|p2a: Crawdaunt\n|-supereffective|p2a: Crawdaunt\n|-damage|p2a: Crawdaunt|0 fnt\n|faint|p2a: Crawdaunt\n|-message|DXNNY7 forfeited.\n|\n|win|not mb\n|raw|not mb's rating: 1711 &rarr; <strong>1729<\/strong><br \/>(+18 for winning)\n|raw|DXNNY7's rating: 1668 &rarr; <strong>1650<\/strong><br \/>(-18 for losing)\n|l|\u2606DXNNY7\n","uploadtime":1620957678,"views":94,"p1id":"notmb","p2id":"dxnny7","formatid":"gen8ou","rating":1650,"private":0,"password":null}