{"id":"gen8ou-1550834644","p1":"JooshP","p2":"djok barra hi","format":"gen8ou","log":"|j|\u2606JooshP\n|j|\u203ddjok barra hi\n|t:|1649668152\n|gametype|singles\n|player|p1|JooshP|red|1687\n|player|p2|djok barra hi|102|1767\n|teamsize|p1|6\n|teamsize|p2|6\n|gen|8\n|tier|[Gen 8] OU\n|rated|\n|rule|Sleep Clause Mod: Limit one foe put to sleep\n|rule|Species Clause: Limit one of each Pok\u00e9mon\n|rule|OHKO Clause: OHKO moves are banned\n|rule|Evasion Moves Clause: Evasion moves are banned\n|rule|Endless Battle Clause: Forcing endless battles is banned\n|rule|HP Percentage Mod: HP is shown in percentages\n|rule|Dynamax Clause: You cannot dynamax\n|clearpoke\n|poke|p1|Dragonite, F|\n|poke|p1|Garchomp, F|\n|poke|p1|Toxapex, M|\n|poke|p1|Zapdos|\n|poke|p1|Slowking-Galar, M|\n|poke|p1|Tapu Koko|\n|poke|p2|Buzzwole|\n|poke|p2|Reuniclus, M|\n|poke|p2|Toxapex, M|\n|poke|p2|Clefable, F|\n|poke|p2|Corviknight, M|\n|poke|p2|Garchomp, F|\n|teampreview\n|inactive|Battle timer is ON: inactive players will automatically lose when time's up. (requested by JooshP)\n|inactive|djok barra hi has 120 seconds left.\n|\n|t:|1649668191\n|start\n|switch|p1a: Tapu Koko|Tapu Koko|100\/100\n|switch|p2a: Garchomp|Garchomp, F|100\/100\n|-fieldstart|move: Electric Terrain|[from] ability: Electric Surge|[of] p1a: Tapu Koko\n|turn|1\n|\n|t:|1649668196\n|move|p1a: Tapu Koko|U-turn|p2a: Garchomp\n|-damage|p2a: Garchomp|88\/100\n|-damage|p1a: Tapu Koko|88\/100|[from] ability: Rough Skin|[of] p2a: Garchomp\n|\n|t:|1649668203\n|switch|p1a: Zapdos|Zapdos|100\/100|[from]move: U-turn\n|move|p2a: Garchomp|Earthquake|p1a: Zapdos\n|-immune|p1a: Zapdos\n|\n|-heal|p2a: Garchomp|94\/100|[from] item: Leftovers\n|upkeep\n|turn|2\n|\n|t:|1649668205\n|move|p2a: Garchomp|Toxic|p1a: Zapdos\n|-status|p1a: Zapdos|tox\n|move|p1a: Zapdos|Hurricane|p2a: Garchomp|[miss]\n|-miss|p1a: Zapdos|p2a: Garchomp\n|\n|-heal|p2a: Garchomp|99\/100|[from] item: Leftovers\n|-damage|p1a: Zapdos|94\/100 tox|[from] psn\n|upkeep\n|turn|3\n|\n|t:|1649668209\n|switch|p1a: Toxapex|Toxapex, M|100\/100\n|move|p2a: Garchomp|Stealth Rock|p1a: Toxapex\n|-sidestart|p1: JooshP|move: Stealth Rock\n|\n|-heal|p2a: Garchomp|100\/100|[from] item: Leftovers\n|upkeep\n|turn|4\n|\n|t:|1649668215\n|switch|p2a: Toxapex|Toxapex, M|100\/100\n|move|p1a: Toxapex|Toxic|p2a: Toxapex\n|-immune|p2a: Toxapex\n|\n|upkeep\n|turn|5\n|\n|t:|1649668218\n|move|p1a: Toxapex|Knock Off|p2a: Toxapex\n|-damage|p2a: Toxapex|89\/100\n|-enditem|p2a: Toxapex|Shed Shell|[from] move: Knock Off|[of] p1a: Toxapex\n|move|p2a: Toxapex|Knock Off|p1a: Toxapex\n|-damage|p1a: Toxapex|92\/100\n|-enditem|p1a: Toxapex|Black Sludge|[from] move: Knock Off|[of] p2a: Toxapex\n|\n|-fieldend|move: Electric Terrain\n|upkeep\n|turn|6\n|\n|t:|1649668220\n|switch|p1a: Zapdos|Zapdos|94\/100 tox\n|move|p2a: Toxapex|Light Screen|p2a: Toxapex\n|-sidestart|p2: djok barra hi|move: Light Screen\n|\n|-damage|p1a: Zapdos|88\/100 tox|[from] psn\n|upkeep\n|turn|7\n|\n|t:|1649668223\n|move|p1a: Zapdos|Defog|p2a: Toxapex\n|-unboost|p2a: Toxapex|evasion|1\n|-sideend|p2: djok barra hi|move: Light Screen\n|-sideend|p1: JooshP|Stealth Rock|[from] move: Defog|[of] p1a: Zapdos\n|move|p2a: Toxapex|Knock Off|p1a: Zapdos\n|-damage|p1a: Zapdos|78\/100 tox\n|-status|p2a: Toxapex|par|[from] ability: Static|[of] p1a: Zapdos\n|-enditem|p1a: Zapdos|Heavy-Duty Boots|[from] move: Knock Off|[of] p2a: Toxapex\n|\n|-damage|p1a: Zapdos|66\/100 tox|[from] psn\n|upkeep\n|turn|8\n|\n|t:|1649668225\n|switch|p2a: Garchomp|Garchomp, F|100\/100\n|move|p1a: Zapdos|Roost|p1a: Zapdos\n|-heal|p1a: Zapdos|100\/100 tox\n|-singleturn|p1a: Zapdos|move: Roost\n|\n|-damage|p1a: Zapdos|82\/100 tox|[from] psn\n|upkeep\n|turn|9\n|\n|t:|1649668228\n|move|p2a: Garchomp|Stealth Rock|p1a: Zapdos\n|-sidestart|p1: JooshP|move: Stealth Rock\n|move|p1a: Zapdos|Hurricane|p2a: Garchomp|[miss]\n|-miss|p1a: Zapdos|p2a: Garchomp\n|\n|-damage|p1a: Zapdos|58\/100 tox|[from] psn\n|upkeep\n|turn|10\n|\n|t:|1649668233\n|move|p2a: Garchomp|Earthquake|p1a: Zapdos\n|-immune|p1a: Zapdos\n|move|p1a: Zapdos|Roost|p1a: Zapdos\n|-heal|p1a: Zapdos|100\/100 tox\n|-singleturn|p1a: Zapdos|move: Roost\n|\n|-damage|p1a: Zapdos|70\/100 tox|[from] psn\n|upkeep\n|turn|11\n|\n|t:|1649668235\n|move|p2a: Garchomp|Earthquake|p1a: Zapdos\n|-immune|p1a: Zapdos\n|move|p1a: Zapdos|Defog|p2a: Garchomp\n|-unboost|p2a: Garchomp|evasion|1\n|-sideend|p1: JooshP|Stealth Rock|[from] move: Defog|[of] p1a: Zapdos\n|\n|-damage|p1a: Zapdos|34\/100 tox|[from] psn\n|upkeep\n|turn|12\n|\n|t:|1649668237\n|move|p2a: Garchomp|Stealth Rock|p1a: Zapdos\n|-sidestart|p1: JooshP|move: Stealth Rock\n|move|p1a: Zapdos|Hurricane|p2a: Garchomp\n|-damage|p2a: Garchomp|70\/100\n|\n|-heal|p2a: Garchomp|76\/100|[from] item: Leftovers\n|-damage|p1a: Zapdos|0 fnt|[from] psn\n|faint|p1a: Zapdos\n|upkeep\n|\n|t:|1649668244\n|switch|p1a: Tapu Koko|Tapu Koko|88\/100\n|-fieldstart|move: Electric Terrain|[from] ability: Electric Surge|[of] p1a: Tapu Koko\n|turn|13\n|\n|t:|1649668248\n|move|p1a: Tapu Koko|Dazzling Gleam|p2a: Garchomp\n|-supereffective|p2a: Garchomp\n|-damage|p2a: Garchomp|33\/100\n|move|p2a: Garchomp|Earthquake|p1a: Tapu Koko\n|-supereffective|p1a: Tapu Koko\n|-damage|p1a: Tapu Koko|0 fnt\n|faint|p1a: Tapu Koko\n|\n|-heal|p2a: Garchomp|39\/100|[from] item: Leftovers\n|upkeep\n|\n|t:|1649668252\n|switch|p1a: Garchomp|Garchomp, F|100\/100\n|-damage|p1a: Garchomp|94\/100|[from] Stealth Rock\n|turn|14\n|\n|t:|1649668259\n|switch|p2a: Buzzwole|Buzzwole|100\/100\n|move|p1a: Garchomp|Swords Dance|p1a: Garchomp\n|-boost|p1a: Garchomp|atk|2\n|\n|-heal|p1a: Garchomp|100\/100|[from] item: Leftovers\n|upkeep\n|turn|15\n|\n|t:|1649668261\n|move|p1a: Garchomp|Stealth Rock|p2a: Buzzwole\n|-sidestart|p2: djok barra hi|move: Stealth Rock\n|move|p2a: Buzzwole|Ice Punch|p1a: Garchomp\n|-supereffective|p1a: Garchomp\n|-damage|p1a: Garchomp|0 fnt\n|-damage|p2a: Buzzwole|88\/100|[from] ability: Rough Skin|[of] p1a: Garchomp\n|faint|p1a: Garchomp\n|-ability|p2a: Buzzwole|Beast Boost|boost\n|-boost|p2a: Buzzwole|atk|1\n|\n|upkeep\n|\n|t:|1649668264\n|switch|p1a: Toxapex|Toxapex, M|100\/100\n|-damage|p1a: Toxapex|88\/100|[from] Stealth Rock\n|turn|16\n|\n|t:|1649668272\n|switch|p2a: Reuniclus|Reuniclus, M|100\/100\n|-damage|p2a: Reuniclus|88\/100|[from] Stealth Rock\n|switch|p1a: Dragonite|Dragonite, F|100\/100\n|\n|upkeep\n|turn|17\n|\n|t:|1649668278\n|switch|p2a: Clefable|Clefable, F|100\/100\n|move|p1a: Dragonite|Dragon Dance|p1a: Dragonite\n|-boost|p1a: Dragonite|atk|1\n|-boost|p1a: Dragonite|spe|1\n|\n|-fieldend|move: Electric Terrain\n|upkeep\n|turn|18\n|\n|t:|1649668281\n|switch|p1a: Slowking|Slowking-Galar, M|100\/100\n|-damage|p1a: Slowking|88\/100|[from] Stealth Rock\n|move|p2a: Clefable|Moonblast|p1a: Slowking\n|-resisted|p1a: Slowking\n|-damage|p1a: Slowking|81\/100\n|-unboost|p1a: Slowking|spa|1\n|\n|upkeep\n|turn|19\n|\n|t:|1649668301\n|switch|p2a: Reuniclus|Reuniclus, M|100\/100\n|-damage|p2a: Reuniclus|88\/100|[from] Stealth Rock\n|move|p1a: Slowking|Future Sight|p2a: Reuniclus\n|-start|p1a: Slowking|move: Future Sight\n|\n|upkeep\n|turn|20\n|\n|t:|1649668305\n|switch|p1a: Toxapex|Toxapex, M|100\/100\n|-damage|p1a: Toxapex|88\/100|[from] Stealth Rock\n|move|p2a: Reuniclus|Knock Off|p1a: Toxapex\n|-damage|p1a: Toxapex|82\/100\n|\n|upkeep\n|turn|21\n|\n|t:|1649668310\n|move|p2a: Reuniclus|Psyshock|p1a: Toxapex\n|-supereffective|p1a: Toxapex\n|-damage|p1a: Toxapex|44\/100\n|move|p1a: Toxapex|Knock Off|p2a: Reuniclus\n|-supereffective|p2a: Reuniclus\n|-damage|p2a: Reuniclus|55\/100\n|-enditem|p2a: Reuniclus|Assault Vest|[from] move: Knock Off|[of] p1a: Toxapex\n|\n|-end|p2a: Reuniclus|move: Future Sight\n|-resisted|p2a: Reuniclus\n|-damage|p2a: Reuniclus|40\/100\n|upkeep\n|turn|22\n|\n|t:|1649668318\n|switch|p1a: Slowking|Slowking-Galar, M|100\/100\n|-damage|p1a: Slowking|88\/100|[from] Stealth Rock\n|move|p2a: Reuniclus|Infestation|p1a: Slowking\n|-damage|p1a: Slowking|86\/100\n|-activate|p1a: Slowking|move: Infestation|[of] p2a: Reuniclus\n|\n|-damage|p1a: Slowking|73\/100|[from] move: Infestation|[partiallytrapped]\n|upkeep\n|turn|23\n|\n|t:|1649668322\n|move|p2a: Reuniclus|Knock Off|p1a: Slowking\n|-supereffective|p1a: Slowking\n|-damage|p1a: Slowking|45\/100\n|-enditem|p1a: Slowking|Assault Vest|[from] move: Knock Off|[of] p2a: Reuniclus\n|move|p1a: Slowking|Future Sight|p2a: Reuniclus\n|-start|p1a: Slowking|move: Future Sight\n|\n|-damage|p1a: Slowking|33\/100|[from] move: Infestation|[partiallytrapped]\n|upkeep\n|turn|24\n|\n|t:|1649668325\n|move|p2a: Reuniclus|Psyshock|p1a: Slowking\n|-damage|p1a: Slowking|0 fnt\n|faint|p1a: Slowking\n|\n|upkeep\n|\n|t:|1649668328\n|switch|p1a: Dragonite|Dragonite, F|100\/100\n|turn|25\n|\n|t:|1649668338\n|move|p1a: Dragonite|Dragon Dance|p1a: Dragonite\n|-boost|p1a: Dragonite|atk|1\n|-boost|p1a: Dragonite|spe|1\n|move|p2a: Reuniclus|Knock Off|p1a: Dragonite\n|-damage|p1a: Dragonite|92\/100\n|-enditem|p1a: Dragonite|Heavy-Duty Boots|[from] move: Knock Off|[of] p2a: Reuniclus\n|\n|-end|p2a: Reuniclus|move: Future Sight\n|-resisted|p2a: Reuniclus\n|-damage|p2a: Reuniclus|25\/100\n|upkeep\n|turn|26\n|\n|t:|1649668347\n|switch|p2a: Garchomp|Garchomp, F|39\/100\n|-damage|p2a: Garchomp|33\/100|[from] Stealth Rock\n|move|p1a: Dragonite|Dragon Dance|p1a: Dragonite\n|-boost|p1a: Dragonite|atk|1\n|-boost|p1a: Dragonite|spe|1\n|\n|-heal|p2a: Garchomp|39\/100|[from] item: Leftovers\n|upkeep\n|turn|27\n|\n|t:|1649668351\n|move|p1a: Dragonite|Earthquake|p2a: Garchomp\n|-damage|p2a: Garchomp|0 fnt\n|faint|p2a: Garchomp\n|\n|upkeep\n|\n|t:|1649668353\n|switch|p2a: Clefable|Clefable, F|100\/100\n|turn|28\n|\n|t:|1649668360\n|move|p1a: Dragonite|Ice Punch|p2a: Clefable\n|-crit|p2a: Clefable\n|-damage|p2a: Clefable|68\/100\n|move|p2a: Clefable|Moonblast|p1a: Dragonite\n|-supereffective|p1a: Dragonite\n|-damage|p1a: Dragonite|29\/100\n|-unboost|p1a: Dragonite|spa|1\n|\n|upkeep\n|turn|29\n|\n|t:|1649668364\n|move|p1a: Dragonite|Roost|p1a: Dragonite\n|-heal|p1a: Dragonite|79\/100\n|-singleturn|p1a: Dragonite|move: Roost\n|move|p2a: Clefable|Moonblast|p1a: Dragonite\n|-supereffective|p1a: Dragonite\n|-damage|p1a: Dragonite|17\/100\n|\n|upkeep\n|turn|30\n|\n|t:|1649668367\n|move|p1a: Dragonite|Ice Punch|p2a: Clefable\n|-damage|p2a: Clefable|46\/100\n|-status|p2a: Clefable|frz\n|cant|p2a: Clefable|frz\n|\n|upkeep\n|turn|31\n|\n|t:|1649668371\n|switch|p2a: Buzzwole|Buzzwole|88\/100\n|-damage|p2a: Buzzwole|76\/100|[from] Stealth Rock\n|move|p1a: Dragonite|Roost|p1a: Dragonite\n|-heal|p1a: Dragonite|67\/100\n|-singleturn|p1a: Dragonite|move: Roost\n|\n|upkeep\n|turn|32\n|\n|t:|1649668373\n|move|p1a: Dragonite|Ice Punch|p2a: Buzzwole\n|-damage|p2a: Buzzwole|43\/100\n|-damage|p1a: Dragonite|51\/100|[from] item: Rocky Helmet|[of] p2a: Buzzwole\n|move|p2a: Buzzwole|Ice Punch|p1a: Dragonite\n|-supereffective|p1a: Dragonite\n|-damage|p1a: Dragonite|0 fnt\n|faint|p1a: Dragonite\n|-ability|p2a: Buzzwole|Beast Boost|boost\n|-boost|p2a: Buzzwole|atk|1\n|\n|upkeep\n|-message|JooshP forfeited.\n|\n|win|djok barra hi\n|raw|JooshP's rating: 1687 &rarr; <strong>1672<\/strong><br \/>(-15 for losing)\n|raw|djok barra hi's rating: 1767 &rarr; <strong>1782<\/strong><br \/>(+15 for winning)\n|l|\u2606JooshP\n|c|\u203ddjok barra hi|\/log djok barra hi made this room public.\n","uploadtime":1649668400,"views":37,"p1id":"jooshp","p2id":"djokbarrahi","formatid":"gen8ou","rating":1672,"private":0,"password":null}