{"id":"gen8ou-1647966327","p1":"focussashbillsey","p2":"playeraccount","format":"gen8ou","log":"|j|\u2606focussashbillsey\n|j|\u2606playeraccount\n|t:|1661439659\n|gametype|singles\n|player|p1|focussashbillsey|clair|1248\n|player|p2|playeraccount|102|1299\n|teamsize|p1|6\n|teamsize|p2|6\n|gen|8\n|tier|[Gen 8] OU\n|rated|\n|rule|Sleep Clause Mod: Limit one foe put to sleep\n|rule|Species Clause: Limit one of each Pok\u00e9mon\n|rule|OHKO Clause: OHKO moves are banned\n|rule|Evasion Items Clause: Evasion items are banned\n|rule|Evasion Moves Clause: Evasion moves are banned\n|rule|Endless Battle Clause: Forcing endless battles is banned\n|rule|HP Percentage Mod: HP is shown in percentages\n|rule|Dynamax Clause: You cannot dynamax\n|clearpoke\n|poke|p1|Urshifu-*, F|\n|poke|p1|Slowbro, M|\n|poke|p1|Landorus-Therian, M|\n|poke|p1|Blissey, F|\n|poke|p1|Blacephalon|\n|poke|p1|Kartana|\n|poke|p2|Kommo-o, F|\n|poke|p2|Regieleki|\n|poke|p2|Landorus-Therian, M|\n|poke|p2|Slowbro, F|\n|poke|p2|Blissey, F|\n|poke|p2|Scizor, M|\n|teampreview\n|inactive|Battle timer is ON: inactive players will automatically lose when time's up. (requested by playeraccount)\n|c|\u2606focussashbillsey|glhf\n|\n|t:|1661439677\n|start\n|switch|p1a: Landorus|Landorus-Therian, M|100\/100\n|switch|p2a: Blissey|Blissey, F, shiny|100\/100\n|-ability|p1a: Landorus|Intimidate|boost\n|-unboost|p2a: Blissey|atk|1\n|turn|1\n|\n|t:|1661439689\n|switch|p2a: Landorus|Landorus-Therian, M, shiny|100\/100\n|-ability|p2a: Landorus|Intimidate|boost\n|-unboost|p1a: Landorus|atk|1\n|move|p1a: Landorus|Stealth Rock|p2a: Landorus\n|-sidestart|p2: playeraccount|move: Stealth Rock\n|\n|upkeep\n|turn|2\n|\n|t:|1661439694\n|switch|p1a: Urshifu|Urshifu-Rapid-Strike, F|100\/100\n|move|p2a: Landorus|U-turn|p1a: Urshifu\n|-resisted|p1a: Urshifu\n|-damage|p1a: Urshifu|87\/100\n|\n|t:|1661439700\n|switch|p2a: Slowbro|Slowbro, F, shiny|100\/100|[from]move: U-turn\n|-damage|p2a: Slowbro|88\/100|[from] Stealth Rock\n|\n|upkeep\n|turn|3\n|\n|t:|1661439703\n|move|p1a: Urshifu|U-turn|p2a: Slowbro\n|-supereffective|p2a: Slowbro\n|-damage|p2a: Slowbro|41\/100\n|-damage|p1a: Urshifu|70\/100|[from] item: Rocky Helmet|[of] p2a: Slowbro\n|\n|t:|1661439713\n|switch|p1a: Slowbro|Slowbro, M|100\/100|[from]move: U-turn\n|move|p2a: Slowbro|Counter|p1a: Slowbro\n|-damage|p1a: Slowbro|7\/100\n|\n|upkeep\n|turn|4\n|c|\u2606focussashbillsey|wp\n|c|\u2606playeraccount|lol\n|inactive|playeraccount has 120 seconds left.\n|\n|t:|1661439749\n|switch|p2a: Blissey|Blissey, F, shiny|100\/100\n|-damage|p2a: Blissey|88\/100|[from] Stealth Rock\n|switch|p1a: Kartana|Kartana|100\/100\n|\n|-heal|p2a: Blissey|94\/100|[from] item: Leftovers\n|upkeep\n|turn|5\n|inactive|playeraccount has 120 seconds left.\n|\n|t:|1661439759\n|switch|p2a: Landorus|Landorus-Therian, M, shiny|100\/100\n|-damage|p2a: Landorus|88\/100|[from] Stealth Rock\n|-ability|p2a: Landorus|Intimidate|boost\n|-unboost|p1a: Kartana|atk|1\n|move|p1a: Kartana|Swords Dance|p1a: Kartana\n|-boost|p1a: Kartana|atk|2\n|\n|upkeep\n|turn|6\n|inactive|focussashbillsey has 120 seconds left.\n|\n|t:|1661439795\n|move|p1a: Kartana|Swords Dance|p1a: Kartana\n|-boost|p1a: Kartana|atk|2\n|move|p2a: Landorus|U-turn|p1a: Kartana\n|-damage|p1a: Kartana|78\/100\n|\n|t:|1661439805\n|switch|p2a: Kommo-o|Kommo-o, F, shiny|100\/100|[from]move: U-turn\n|-damage|p2a: Kommo-o|94\/100|[from] Stealth Rock\n|\n|upkeep\n|turn|7\n|inactive|focussashbillsey has 120 seconds left.\n|\n|t:|1661439815\n|move|p1a: Kartana|Sacred Sword|p2a: Kommo-o\n|-damage|p2a: Kommo-o|4\/100\n|-damage|p1a: Kartana|68\/100|[from] item: Life Orb\n|move|p2a: Kommo-o|Flamethrower|p1a: Kartana\n|-supereffective|p1a: Kartana\n|-damage|p1a: Kartana|0 fnt\n|faint|p1a: Kartana\n|\n|upkeep\n|\n|t:|1661439831\n|switch|p1a: Blacephalon|Blacephalon|100\/100\n|turn|8\n|\n|t:|1661439843\n|switch|p2a: Blissey|Blissey, F, shiny|94\/100\n|-damage|p2a: Blissey|82\/100|[from] Stealth Rock\n|move|p1a: Blacephalon|Flamethrower|p2a: Blissey\n|-damage|p2a: Blissey|57\/100\n|\n|-heal|p2a: Blissey|63\/100|[from] item: Leftovers\n|upkeep\n|turn|9\n|\n|t:|1661439850\n|switch|p1a: Landorus|Landorus-Therian, M|100\/100\n|-ability|p1a: Landorus|Intimidate|boost\n|-unboost|p2a: Blissey|atk|1\n|move|p2a: Blissey|Soft-Boiled|p2a: Blissey\n|-heal|p2a: Blissey|100\/100\n|\n|upkeep\n|turn|10\n|inactive|focussashbillsey has 120 seconds left.\n|\n|t:|1661439856\n|switch|p2a: Landorus|Landorus-Therian, M, shiny|88\/100\n|-damage|p2a: Landorus|75\/100|[from] Stealth Rock\n|-ability|p2a: Landorus|Intimidate|boost\n|-unboost|p1a: Landorus|atk|1\n|move|p1a: Landorus|Knock Off|p2a: Landorus\n|-damage|p2a: Landorus|52\/100\n|-damage|p1a: Landorus|84\/100|[from] item: Rocky Helmet|[of] p2a: Landorus\n|-enditem|p2a: Landorus|Rocky Helmet|[from] move: Knock Off|[of] p1a: Landorus\n|\n|-heal|p1a: Landorus|90\/100|[from] item: Leftovers\n|upkeep\n|turn|11\n|\n|t:|1661439859\n|move|p2a: Landorus|U-turn|p1a: Landorus\n|-resisted|p1a: Landorus\n|-damage|p1a: Landorus|80\/100\n|\n|t:|1661439863\n|switch|p2a: Scizor|Scizor, M, shiny|100\/100|[from]move: U-turn\n|-damage|p2a: Scizor|88\/100|[from] Stealth Rock\n|move|p1a: Landorus|U-turn|p2a: Scizor\n|-resisted|p2a: Scizor\n|-damage|p2a: Scizor|82\/100\n|-damage|p1a: Landorus|63\/100|[from] item: Rocky Helmet|[of] p2a: Scizor\n|\n|t:|1661439868\n|switch|p1a: Blacephalon|Blacephalon|100\/100|[from]move: U-turn\n|\n|upkeep\n|turn|12\n|\n|t:|1661439874\n|switch|p2a: Blissey|Blissey, F, shiny|100\/100\n|-damage|p2a: Blissey|88\/100|[from] Stealth Rock\n|move|p1a: Blacephalon|Flamethrower|p2a: Blissey\n|-damage|p2a: Blissey|62\/100\n|\n|-heal|p2a: Blissey|68\/100|[from] item: Leftovers\n|upkeep\n|turn|13\n|\n|t:|1661439881\n|move|p1a: Blacephalon|Flamethrower|p2a: Blissey\n|-damage|p2a: Blissey|43\/100\n|move|p2a: Blissey|Stealth Rock|p1a: Blacephalon\n|-sidestart|p1: focussashbillsey|move: Stealth Rock\n|\n|-heal|p2a: Blissey|49\/100|[from] item: Leftovers\n|upkeep\n|turn|14\n|\n|t:|1661439886\n|switch|p1a: Slowbro|Slowbro, M|40\/100\n|move|p2a: Blissey|Soft-Boiled|p2a: Blissey\n|-heal|p2a: Blissey|99\/100\n|\n|-heal|p2a: Blissey|100\/100|[from] item: Leftovers\n|upkeep\n|turn|15\n|\n|t:|1661439894\n|move|p2a: Blissey|Toxic|p1a: Slowbro\n|-status|p1a: Slowbro|tox\n|move|p1a: Slowbro|Future Sight|p2a: Blissey\n|-start|p1a: Slowbro|move: Future Sight\n|\n|-damage|p1a: Slowbro|34\/100 tox|[from] psn\n|upkeep\n|turn|16\n|\n|t:|1661439902\n|move|p2a: Blissey|Seismic Toss|p1a: Slowbro\n|-damage|p1a: Slowbro|9\/100 tox\n|move|p1a: Slowbro|Teleport|p1a: Slowbro\n|\n|t:|1661439907\n|switch|p1a: Urshifu|Urshifu-Rapid-Strike, F|70\/100|[from]move: Teleport\n|-damage|p1a: Urshifu|64\/100|[from] Stealth Rock\n|\n|upkeep\n|turn|17\n|\n|t:|1661439914\n|switch|p2a: Scizor|Scizor, M, shiny|82\/100\n|-damage|p2a: Scizor|69\/100|[from] Stealth Rock\n|move|p1a: Urshifu|U-turn|p2a: Scizor\n|-resisted|p2a: Scizor\n|-damage|p2a: Scizor|51\/100\n|-damage|p1a: Urshifu|48\/100|[from] item: Rocky Helmet|[of] p2a: Scizor\n|c|\u2606focussashbillsey|why do you have rocky helm on like everything\n|\n|t:|1661439935\n|switch|p1a: Blacephalon|Blacephalon|100\/100|[from]move: U-turn\n|-damage|p1a: Blacephalon|76\/100|[from] Stealth Rock\n|\n|-end|p2a: Scizor|move: Future Sight\n|-resisted|p2a: Scizor\n|-damage|p2a: Scizor|23\/100\n|upkeep\n|turn|18\n|\n|t:|1661439948\n|switch|p2a: Blissey|Blissey, F, shiny|100\/100\n|-damage|p2a: Blissey|88\/100|[from] Stealth Rock\n|move|p1a: Blacephalon|Flamethrower|p2a: Blissey\n|-damage|p2a: Blissey|60\/100\n|\n|-heal|p2a: Blissey|67\/100|[from] item: Leftovers\n|upkeep\n|turn|19\n|c|\u2606playeraccount|we all like Urshifu,\n|\n|t:|1661439972\n|move|p1a: Blacephalon|Flamethrower|p2a: Blissey\n|-damage|p2a: Blissey|41\/100\n|move|p2a: Blissey|Toxic|p1a: Blacephalon\n|-status|p1a: Blacephalon|tox\n|\n|-heal|p2a: Blissey|47\/100|[from] item: Leftovers\n|-damage|p1a: Blacephalon|70\/100 tox|[from] psn\n|upkeep\n|turn|20\n|\n|t:|1661439978\n|move|p1a: Blacephalon|Flamethrower|p2a: Blissey\n|-damage|p2a: Blissey|21\/100\n|move|p2a: Blissey|Soft-Boiled|p2a: Blissey\n|-heal|p2a: Blissey|71\/100\n|\n|-heal|p2a: Blissey|77\/100|[from] item: Leftovers\n|-damage|p1a: Blacephalon|58\/100 tox|[from] psn\n|upkeep\n|turn|21\n|\n|t:|1661439985\n|switch|p1a: Slowbro|Slowbro, M|42\/100 tox\n|move|p2a: Blissey|Soft-Boiled|p2a: Blissey\n|-heal|p2a: Blissey|100\/100\n|\n|-damage|p1a: Slowbro|36\/100 tox|[from] psn\n|upkeep\n|turn|22\n|\n|t:|1661439991\n|move|p2a: Blissey|Seismic Toss|p1a: Slowbro\n|-damage|p1a: Slowbro|10\/100 tox\n|move|p1a: Slowbro|Slack Off|p1a: Slowbro\n|-heal|p1a: Slowbro|61\/100 tox\n|\n|-damage|p1a: Slowbro|48\/100 tox|[from] psn\n|upkeep\n|turn|23\n|\n|t:|1661440002\n|switch|p2a: Slowbro|Slowbro, F, shiny|75\/100\n|-damage|p2a: Slowbro|62\/100|[from] Stealth Rock\n|move|p1a: Slowbro|Teleport|p1a: Slowbro\n|\n|t:|1661440014\n|switch|p1a: Blacephalon|Blacephalon|58\/100 tox|[from]move: Teleport\n|-damage|p1a: Blacephalon|33\/100 tox|[from] Stealth Rock\n|\n|-damage|p1a: Blacephalon|27\/100 tox|[from] psn\n|upkeep\n|turn|24\n|\n|t:|1661440021\n|switch|p2a: Blissey|Blissey, F, shiny|100\/100\n|-damage|p2a: Blissey|88\/100|[from] Stealth Rock\n|move|p1a: Blacephalon|Trick|p2a: Blissey\n|-activate|p1a: Blacephalon|move: Trick|[of] p2a: Blissey\n|-item|p2a: Blissey|Choice Specs|[from] move: Trick\n|-item|p1a: Blacephalon|Leftovers|[from] move: Trick\n|\n|-heal|p1a: Blacephalon|33\/100 tox|[from] item: Leftovers\n|-damage|p1a: Blacephalon|21\/100 tox|[from] psn\n|upkeep\n|turn|25\n|\n|t:|1661440033\n|switch|p2a: Landorus|Landorus-Therian, M, shiny|52\/100\n|-damage|p2a: Landorus|40\/100|[from] Stealth Rock\n|-ability|p2a: Landorus|Intimidate|boost\n|-unboost|p1a: Blacephalon|atk|1\n|move|p1a: Blacephalon|Overheat|p2a: Landorus|[miss]\n|-miss|p1a: Blacephalon|p2a: Landorus\n|\n|-heal|p1a: Blacephalon|27\/100 tox|[from] item: Leftovers\n|-damage|p1a: Blacephalon|9\/100 tox|[from] psn\n|upkeep\n|turn|26\n|\n|t:|1661440038\n|move|p1a: Blacephalon|Overheat|p2a: Landorus\n|-damage|p2a: Landorus|0 fnt\n|-unboost|p1a: Blacephalon|spa|2\n|faint|p2a: Landorus\n|-ability|p1a: Blacephalon|Beast Boost|boost\n|-boost|p1a: Blacephalon|spa|1\n|\n|-heal|p1a: Blacephalon|15\/100 tox|[from] item: Leftovers\n|-damage|p1a: Blacephalon|0 fnt|[from] psn\n|faint|p1a: Blacephalon\n|upkeep\n|\n|t:|1661440056\n|switch|p1a: Slowbro|Slowbro, M|82\/100 tox\n|switch|p2a: Scizor|Scizor, M, shiny|23\/100\n|-damage|p2a: Scizor|10\/100|[from] Stealth Rock\n|turn|27\n|\n|t:|1661440063\n|move|p2a: Scizor|U-turn|p1a: Slowbro\n|-supereffective|p1a: Slowbro\n|-damage|p1a: Slowbro|38\/100 tox\n|\n|t:|1661440071\n|switch|p2a: Regieleki|Regieleki, shiny|100\/100|[from]move: U-turn\n|-damage|p2a: Regieleki|88\/100|[from] Stealth Rock\n|move|p1a: Slowbro|Scald|p2a: Regieleki\n|-damage|p2a: Regieleki|31\/100\n|-status|p2a: Regieleki|brn\n|\n|-damage|p1a: Slowbro|32\/100 tox|[from] psn\n|-damage|p2a: Regieleki|25\/100 brn|[from] brn\n|upkeep\n|turn|28\n|\n|t:|1661440075\n|switch|p1a: Blissey|Blissey, F|100\/100\n|move|p2a: Regieleki|Volt Switch|p1a: Blissey\n|-damage|p1a: Blissey|84\/100\n|\n|t:|1661440083\n|switch|p2a: Slowbro|Slowbro, F, shiny|95\/100|[from]move: Volt Switch\n|-damage|p2a: Slowbro|83\/100|[from] Stealth Rock\n|\n|upkeep\n|turn|29\n|\n|t:|1661440090\n|move|p1a: Blissey|Thunder Wave|p2a: Slowbro\n|-status|p2a: Slowbro|par\n|cant|p2a: Slowbro|par\n|\n|upkeep\n|turn|30\n|\n|t:|1661440093\n|move|p1a: Blissey|Wish|p1a: Blissey\n|cant|p2a: Slowbro|par\n|\n|upkeep\n|turn|31\n|c|\u2606focussashbillsey|mb\n|\n|t:|1661440097\n|switch|p1a: Urshifu|Urshifu-Rapid-Strike, F|48\/100\n|-damage|p1a: Urshifu|42\/100|[from] Stealth Rock\n|move|p2a: Slowbro|Ice Beam|p1a: Urshifu\n|-resisted|p1a: Urshifu\n|-damage|p1a: Urshifu|25\/100\n|\n|-heal|p1a: Urshifu|100\/100|[from] move: Wish|[wisher] Blissey\n|upkeep\n|turn|32\n|\n|t:|1661440109\n|switch|p1a: Blissey|Blissey, F|84\/100\n|move|p2a: Slowbro|Counter||[still]\n|-fail|p2a: Slowbro\n|\n|upkeep\n|turn|33\n|\n|t:|1661440114\n|move|p1a: Blissey|Wish|p1a: Blissey\n|move|p2a: Slowbro|Ice Beam|p1a: Blissey\n|-damage|p1a: Blissey|77\/100\n|\n|upkeep\n|turn|34\n|\n|t:|1661440120\n|move|p1a: Blissey|Seismic Toss|p2a: Slowbro\n|-damage|p2a: Slowbro|58\/100 par\n|-damage|p1a: Blissey|60\/100|[from] item: Rocky Helmet|[of] p2a: Slowbro\n|move|p2a: Slowbro|Ice Beam|p1a: Blissey\n|-damage|p1a: Blissey|52\/100\n|\n|-heal|p1a: Blissey|100\/100|[from] move: Wish|[wisher] Blissey\n|upkeep\n|turn|35\n|\n|t:|1661440133\n|switch|p1a: Slowbro|Slowbro, M|66\/100 tox\n|move|p2a: Slowbro|Counter||[still]\n|-fail|p2a: Slowbro\n|\n|-damage|p1a: Slowbro|60\/100 tox|[from] psn\n|upkeep\n|turn|36\n|\n|t:|1661440141\n|move|p1a: Slowbro|Future Sight|p2a: Slowbro\n|-start|p1a: Slowbro|move: Future Sight\n|cant|p2a: Slowbro|par\n|\n|-damage|p1a: Slowbro|47\/100 tox|[from] psn\n|upkeep\n|turn|37\n|\n|t:|1661440145\n|cant|p2a: Slowbro|par\n|move|p1a: Slowbro|Teleport|p1a: Slowbro\n|c|\u2606focussashbillsey|I\n|c|\u2606focussashbillsey|'m so sry bout the paras\n|\n|t:|1661440161\n|switch|p1a: Landorus|Landorus-Therian, M|63\/100|[from]move: Teleport\n|-damage|p1a: Landorus|51\/100|[from] Stealth Rock\n|-ability|p1a: Landorus|Intimidate|boost\n|-unboost|p2a: Slowbro|atk|1\n|\n|-heal|p1a: Landorus|57\/100|[from] item: Leftovers\n|upkeep\n|turn|38\n|\n|t:|1661440165\n|move|p1a: Landorus|Knock Off|p2a: Slowbro\n|-supereffective|p2a: Slowbro\n|-damage|p2a: Slowbro|16\/100 par\n|-damage|p1a: Landorus|41\/100|[from] item: Rocky Helmet|[of] p2a: Slowbro\n|-enditem|p2a: Slowbro|Rocky Helmet|[from] move: Knock Off|[of] p1a: Landorus\n|move|p2a: Slowbro|Ice Beam|p1a: Landorus\n|-supereffective|p1a: Landorus\n|-damage|p1a: Landorus|0 fnt\n|faint|p1a: Landorus\n|\n|-end|p2a: Slowbro|move: Future Sight\n|-resisted|p2a: Slowbro\n|-damage|p2a: Slowbro|0 fnt\n|faint|p2a: Slowbro\n|upkeep\n|\n|t:|1661440177\n|switch|p1a: Blissey|Blissey, F|100\/100\n|switch|p2a: Blissey|Blissey, F, shiny|88\/100\n|-damage|p2a: Blissey|76\/100|[from] Stealth Rock\n|turn|39\n|\n|t:|1661440186\n|move|p1a: Blissey|Protect|p1a: Blissey\n|-singleturn|p1a: Blissey|Protect\n|move|p2a: Blissey|Toxic|p1a: Blissey\n|-activate|p1a: Blissey|move: Protect\n|\n|upkeep\n|turn|40\n|\n|t:|1661440193\n|switch|p1a: Slowbro|Slowbro, M|81\/100 tox\n|switch|p2a: Kommo-o|Kommo-o, F, shiny|4\/100\n|-damage|p2a: Kommo-o|0 fnt|[from] Stealth Rock\n|faint|p2a: Kommo-o\n|\n|-damage|p1a: Slowbro|75\/100 tox|[from] psn\n|upkeep\n|\n|t:|1661440197\n|switch|p2a: Regieleki|Regieleki, shiny|25\/100 brn\n|-damage|p2a: Regieleki|13\/100 brn|[from] Stealth Rock\n|turn|41\n|\n|t:|1661440220\n|switch|p1a: Blissey|Blissey, F|100\/100\n|move|p2a: Regieleki|Explosion|p1a: Blissey\n|-damage|p1a: Blissey|70\/100\n|faint|p2a: Regieleki\n|\n|upkeep\n|\n|t:|1661440227\n|switch|p2a: Scizor|Scizor, M, shiny|10\/100\n|-damage|p2a: Scizor|0 fnt|[from] Stealth Rock\n|faint|p2a: Scizor\n|\n|t:|1661440229\n|switch|p2a: Blissey|Blissey, F, shiny|76\/100\n|-damage|p2a: Blissey|63\/100|[from] Stealth Rock\n|turn|42\n|c|\u2606playeraccount|gg\n|c|\u2606focussashbillsey|gg\n|-message|playeraccount forfeited.\n|\n|win|focussashbillsey\n|raw|focussashbillsey's rating: 1248 &rarr; <strong>1277<\/strong><br \/>(+29 for winning)\n|raw|playeraccount's rating: 1299 &rarr; <strong>1270<\/strong><br \/>(-29 for losing)\n|l|\u2606playeraccount\n","uploadtime":1661440241,"views":9,"p1id":"focussashbillsey","p2id":"playeraccount","formatid":"gen8ou","rating":1270,"private":0,"password":null}