{"id":"gen8ou-1116177116","p1":"the real assdude","p2":"Rorschach I","format":"gen8ou","log":"|j|\u2606the real assdude\n|j|\u2606Rorschach I\n|player|p1|the real assdude|shadowtriad|1826\n|player|p2|Rorschach I|cynthia|1838\n|teamsize|p1|6\n|teamsize|p2|6\n|gametype|singles\n|gen|8\n|tier|[Gen 8] OU\n|rated|\n|clearpoke\n|poke|p1|Hydreigon, M|\n|poke|p1|Clefable, M|\n|poke|p1|Hippowdon, M|\n|poke|p1|Excadrill, M|\n|poke|p1|Dragapult, M|\n|poke|p1|Toxapex, F|\n|poke|p2|Terrakion|\n|poke|p2|Aegislash, M|\n|poke|p2|Crawdaunt, M|\n|poke|p2|Zeraora|\n|poke|p2|Kyurem|\n|poke|p2|Togekiss, M|\n|rule|Sleep Clause Mod: Limit one foe put to sleep\n|rule|Species Clause: Limit one of each Pok\u00e9mon\n|rule|OHKO Clause: OHKO moves are banned\n|rule|Evasion Moves Clause: Evasion moves are banned\n|rule|Endless Battle Clause: Forcing endless battles is banned\n|rule|HP Percentage Mod: HP is shown in percentages\n|rule|Dynamax Clause: You cannot dynamax\n|teampreview\n|inactive|Battle timer is ON: inactive players will automatically lose when time's up. (requested by the real assdude)\n|\n|start\n|switch|p1a: Toxapex|Toxapex, F|100\/100\n|switch|p2a: Terrakion|Terrakion|100\/100\n|turn|1\n|\n|move|p2a: Terrakion|Taunt|p1a: Toxapex\n|-start|p1a: Toxapex|move: Taunt\n|cant|p1a: Toxapex|move: Taunt|Toxic Spikes\n|\n|upkeep\n|turn|2\n|j|+McMeghan\n|\n|move|p2a: Terrakion|Stealth Rock|p1a: Toxapex\n|-sidestart|p1: the real assdude|move: Stealth Rock\n|move|p1a: Toxapex|Scald|p2a: Terrakion\n|-supereffective|p2a: Terrakion\n|-damage|p2a: Terrakion|63\/100\n|-status|p2a: Terrakion|brn\n|\n|-damage|p2a: Terrakion|57\/100 brn|[from] brn\n|upkeep\n|turn|3\n|\n|switch|p2a: Kyurem|Kyurem|100\/100\n|-ability|p2a: Kyurem|Pressure\n|move|p1a: Toxapex|Scald|p2a: Kyurem\n|-resisted|p2a: Kyurem\n|-damage|p2a: Kyurem|93\/100\n|\n|-end|p1a: Toxapex|move: Taunt\n|upkeep\n|turn|4\n|\n|move|p2a: Kyurem|Freeze-Dry|p1a: Toxapex\n|-supereffective|p1a: Toxapex\n|-damage|p1a: Toxapex|15\/100\n|move|p1a: Toxapex|Toxic Spikes|p2a: Kyurem\n|-sidestart|p2: Rorschach I|move: Toxic Spikes\n|\n|-heal|p1a: Toxapex|21\/100|[from] item: Black Sludge\n|upkeep\n|turn|5\n|\n|switch|p1a: Clefable|Clefable, M|100\/100\n|move|p2a: Kyurem|Freeze-Dry|p1a: Clefable\n|-damage|p1a: Clefable|64\/100\n|\n|-heal|p1a: Clefable|70\/100|[from] item: Leftovers\n|upkeep\n|turn|6\n|\n|move|p2a: Kyurem|Freeze-Dry|p1a: Clefable\n|-damage|p1a: Clefable|36\/100\n|move|p1a: Clefable|Wish|p1a: Clefable\n|\n|-heal|p1a: Clefable|42\/100|[from] item: Leftovers\n|upkeep\n|turn|7\n|\n|switch|p2a: Terrakion|Terrakion|57\/100 brn\n|move|p1a: Clefable|Moonblast|p2a: Terrakion\n|-supereffective|p2a: Terrakion\n|-damage|p2a: Terrakion|0 fnt\n|faint|p2a: Terrakion\n|\n|-heal|p1a: Clefable|92\/100|[from] move: Wish|[wisher] Clefable\n|-heal|p1a: Clefable|98\/100|[from] item: Leftovers\n|upkeep\n|\n|switch|p2a: Aegislash|Aegislash, M|100\/100\n|-item|p2a: Aegislash|Air Balloon\n|turn|8\n|\n|switch|p2a: Kyurem|Kyurem|93\/100\n|-status|p2a: Kyurem|psn\n|-ability|p2a: Kyurem|Pressure\n|move|p1a: Clefable|Moonblast|p2a: Kyurem\n|-supereffective|p2a: Kyurem\n|-damage|p2a: Kyurem|38\/100 psn\n|\n|-heal|p1a: Clefable|100\/100|[from] item: Leftovers\n|-damage|p2a: Kyurem|25\/100 psn|[from] psn\n|upkeep\n|turn|9\n|-message|Rorschach I forfeited.\n|\n|win|the real assdude\n|l|\u2606Rorschach I\n|raw|the real assdude's rating: 1822 &rarr; <strong>1843<\/strong><br \/>(+21 for winning)\n|raw|Rorschach I's rating: 1838 &rarr; <strong>1817<\/strong><br \/>(-21 for losing)\n","uploadtime":1589714035,"views":158,"p1id":"therealassdude","p2id":"rorschachi","formatid":"gen8ou","rating":1817,"private":0,"password":null}