{"id":"gen8ou-1675998836","p1":"comp233","p2":"Geobruhhh","format":"gen8ou","log":"|j|\u2606comp233\n|j|\u2606Geobruhhh\n|t:|1664742643\n|gametype|singles\n|player|p1|comp233|rosa|1688\n|player|p2|Geobruhhh|veteran|1684\n|teamsize|p1|6\n|teamsize|p2|6\n|gen|8\n|tier|[Gen 8] OU\n|rated|\n|rule|Sleep Clause Mod: Limit one foe put to sleep\n|rule|Species Clause: Limit one of each Pok\u00e9mon\n|rule|OHKO Clause: OHKO moves are banned\n|rule|Evasion Items Clause: Evasion items are banned\n|rule|Evasion Moves Clause: Evasion moves are banned\n|rule|Endless Battle Clause: Forcing endless battles is banned\n|rule|HP Percentage Mod: HP is shown in percentages\n|rule|Dynamax Clause: You cannot dynamax\n|clearpoke\n|poke|p1|Dragapult, F|\n|poke|p1|Melmetal|\n|poke|p1|Zapdos-Galar|\n|poke|p1|Blaziken, F|\n|poke|p1|Victini|\n|poke|p1|Landorus-Therian, M|\n|poke|p2|Zapdos|\n|poke|p2|Hydreigon, F|\n|poke|p2|Toxapex, F|\n|poke|p2|Quagsire, F|\n|poke|p2|Blissey, F|\n|poke|p2|Shedinja|\n|teampreview\n|inactive|Battle timer is ON: inactive players will automatically lose when time's up. (requested by Geobruhhh)\n|\n|t:|1664742652\n|start\n|switch|p1a: Landorus|Landorus-Therian, M|100\/100\n|switch|p2a: Zapdos|Zapdos|100\/100\n|-ability|p1a: Landorus|Intimidate|boost\n|-unboost|p2a: Zapdos|atk|1\n|-ability|p2a: Zapdos|Pressure\n|turn|1\n|\n|t:|1664742655\n|move|p1a: Landorus|Stealth Rock|p2a: Zapdos\n|-sidestart|p2: Geobruhhh|move: Stealth Rock\n|move|p2a: Zapdos|Toxic|p1a: Landorus\n|-status|p1a: Landorus|tox\n|\n|-damage|p1a: Landorus|95\/100 tox|[from] psn\n|upkeep\n|turn|2\n|\n|t:|1664742657\n|move|p1a: Landorus|Knock Off|p2a: Zapdos\n|-damage|p2a: Zapdos|76\/100\n|-enditem|p2a: Zapdos|Heavy-Duty Boots|[from] move: Knock Off|[of] p1a: Landorus\n|move|p2a: Zapdos|Defog|p1a: Landorus\n|-unboost|p1a: Landorus|evasion|1\n|-sideend|p2: Geobruhhh|Stealth Rock|[from] move: Defog|[of] p2a: Zapdos\n|\n|-damage|p1a: Landorus|83\/100 tox|[from] psn\n|upkeep\n|turn|3\n|\n|t:|1664742666\n|move|p1a: Landorus|Stealth Rock|p2a: Zapdos\n|-sidestart|p2: Geobruhhh|move: Stealth Rock\n|move|p2a: Zapdos|Roost|p2a: Zapdos\n|-heal|p2a: Zapdos|100\/100\n|-singleturn|p2a: Zapdos|move: Roost\n|\n|-damage|p1a: Landorus|65\/100 tox|[from] psn\n|upkeep\n|turn|4\n|\n|t:|1664742668\n|move|p1a: Landorus|Explosion|p2a: Zapdos\n|-damage|p2a: Zapdos|36\/100\n|faint|p1a: Landorus\n|move|p2a: Zapdos|Defog|p1: Landorus|[notarget]\n|-fail|p2a: Zapdos\n|\n|upkeep\n|inactive|comp233 has 120 seconds left.\n|\n|t:|1664742701\n|switch|p1a: Zapdos|Zapdos-Galar|100\/100\n|turn|5\n|\n|t:|1664742705\n|move|p1a: Zapdos|Brave Bird|p2a: Zapdos\n|-resisted|p2a: Zapdos\n|-damage|p2a: Zapdos|4\/100\n|-damage|p1a: Zapdos|88\/100|[from] Recoil\n|move|p2a: Zapdos|Roost|p2a: Zapdos\n|-heal|p2a: Zapdos|54\/100\n|-singleturn|p2a: Zapdos|move: Roost\n|\n|upkeep\n|turn|6\n|\n|t:|1664742710\n|switch|p1a: Victini|Victini|100\/100\n|move|p2a: Zapdos|Defog|p1a: Victini\n|-unboost|p1a: Victini|evasion|1\n|-sideend|p2: Geobruhhh|Stealth Rock|[from] move: Defog|[of] p2a: Zapdos\n|\n|upkeep\n|turn|7\n|\n|t:|1664742715\n|switch|p2a: Quagsire|Quagsire, F|100\/100\n|move|p1a: Victini|V-create|p2a: Quagsire\n|-resisted|p2a: Quagsire\n|-damage|p2a: Quagsire|72\/100\n|-unboost|p1a: Victini|spe|1\n|-unboost|p1a: Victini|def|1\n|-unboost|p1a: Victini|spd|1\n|\n|-heal|p2a: Quagsire|78\/100|[from] item: Leftovers\n|upkeep\n|turn|8\n|\n|t:|1664742720\n|move|p1a: Victini|U-turn|p2a: Quagsire\n|-damage|p2a: Quagsire|64\/100\n|\n|t:|1664742723\n|switch|p1a: Zapdos|Zapdos-Galar|88\/100|[from]move: U-turn\n|move|p2a: Quagsire|Scald|p1a: Zapdos\n|-damage|p1a: Zapdos|67\/100\n|-status|p1a: Zapdos|brn\n|\n|-heal|p2a: Quagsire|70\/100|[from] item: Leftovers\n|-damage|p1a: Zapdos|61\/100 brn|[from] brn\n|upkeep\n|turn|9\n|\n|t:|1664742726\n|move|p1a: Zapdos|U-turn|p2a: Quagsire\n|-damage|p2a: Quagsire|59\/100\n|\n|t:|1664742730\n|switch|p1a: Melmetal|Melmetal, shiny|100\/100|[from]move: U-turn\n|move|p2a: Quagsire|Recover|p2a: Quagsire\n|-heal|p2a: Quagsire|100\/100\n|\n|upkeep\n|turn|10\n|\n|t:|1664742734\n|switch|p2a: Shedinja|Shedinja|100\/100\n|move|p1a: Melmetal|Earthquake|p2a: Shedinja\n|-immune|p2a: Shedinja|[from] ability: Wonder Guard\n|\n|upkeep\n|turn|11\n|\n|t:|1664742740\n|switch|p2a: Zapdos|Zapdos|54\/100\n|-ability|p2a: Zapdos|Pressure\n|switch|p1a: Zapdos|Zapdos-Galar|61\/100 brn\n|\n|-damage|p1a: Zapdos|54\/100 brn|[from] brn\n|upkeep\n|turn|12\n|\n|t:|1664742743\n|move|p1a: Zapdos|U-turn|p2a: Zapdos\n|-resisted|p2a: Zapdos\n|-damage|p2a: Zapdos|47\/100\n|\n|t:|1664742745\n|switch|p1a: Victini|Victini|100\/100|[from]move: U-turn\n|move|p2a: Zapdos|Roost|p2a: Zapdos\n|-heal|p2a: Zapdos|97\/100\n|-singleturn|p2a: Zapdos|move: Roost\n|\n|upkeep\n|turn|13\n|\n|t:|1664742750\n|move|p1a: Victini|U-turn|p2a: Zapdos\n|-resisted|p2a: Zapdos\n|-damage|p2a: Zapdos|90\/100\n|\n|t:|1664742753\n|switch|p1a: Dragapult|Dragapult, F, shiny|100\/100|[from]move: U-turn\n|move|p2a: Zapdos|Roost|p2a: Zapdos\n|-heal|p2a: Zapdos|100\/100\n|-singleturn|p2a: Zapdos|move: Roost\n|\n|upkeep\n|turn|14\n|\n|t:|1664742757\n|move|p1a: Dragapult|Shadow Ball|p2a: Zapdos\n|-damage|p2a: Zapdos|64\/100\n|move|p2a: Zapdos|Toxic|p1a: Dragapult\n|-status|p1a: Dragapult|tox\n|\n|-damage|p1a: Dragapult|94\/100 tox|[from] psn\n|upkeep\n|turn|15\n|\n|t:|1664742761\n|move|p1a: Dragapult|Shadow Ball|p2a: Zapdos\n|-damage|p2a: Zapdos|29\/100\n|move|p2a: Zapdos|Roost|p2a: Zapdos\n|-heal|p2a: Zapdos|79\/100\n|-singleturn|p2a: Zapdos|move: Roost\n|\n|-damage|p1a: Dragapult|82\/100 tox|[from] psn\n|upkeep\n|turn|16\n|\n|t:|1664742763\n|move|p1a: Dragapult|Shadow Ball|p2a: Zapdos\n|-damage|p2a: Zapdos|43\/100\n|move|p2a: Zapdos|Roost|p2a: Zapdos\n|-heal|p2a: Zapdos|93\/100\n|-singleturn|p2a: Zapdos|move: Roost\n|\n|-damage|p1a: Dragapult|64\/100 tox|[from] psn\n|upkeep\n|turn|17\n|\n|t:|1664742765\n|move|p1a: Dragapult|Shadow Ball|p2a: Zapdos\n|-damage|p2a: Zapdos|56\/100\n|move|p2a: Zapdos|Roost|p2a: Zapdos\n|-heal|p2a: Zapdos|100\/100\n|-singleturn|p2a: Zapdos|move: Roost\n|\n|-damage|p1a: Dragapult|40\/100 tox|[from] psn\n|upkeep\n|turn|18\n|\n|t:|1664742767\n|switch|p1a: Blaziken|Blaziken, F, shiny|100\/100\n|switch|p2a: Blissey|Blissey, F|100\/100\n|\n|upkeep\n|turn|19\n|\n|t:|1664742771\n|switch|p2a: Quagsire|Quagsire, F|100\/100\n|move|p1a: Blaziken|Swords Dance|p1a: Blaziken\n|-boost|p1a: Blaziken|atk|2\n|\n|-ability|p1a: Blaziken|Speed Boost|boost\n|-boost|p1a: Blaziken|spe|1\n|upkeep\n|turn|20\n|\n|t:|1664742775\n|move|p1a: Blaziken|Close Combat|p2a: Quagsire\n|-damage|p2a: Quagsire|44\/100\n|-unboost|p1a: Blaziken|def|1\n|-unboost|p1a: Blaziken|spd|1\n|-damage|p1a: Blaziken|91\/100|[from] item: Life Orb\n|move|p2a: Quagsire|Toxic|p1a: Blaziken\n|-status|p1a: Blaziken|tox\n|\n|-heal|p2a: Quagsire|50\/100|[from] item: Leftovers\n|-damage|p1a: Blaziken|85\/100 tox|[from] psn\n|-ability|p1a: Blaziken|Speed Boost|boost\n|-boost|p1a: Blaziken|spe|1\n|upkeep\n|turn|21\n|\n|t:|1664742780\n|switch|p2a: Toxapex|Toxapex, F|100\/100\n|move|p1a: Blaziken|Close Combat|p2a: Toxapex\n|-resisted|p2a: Toxapex\n|-damage|p2a: Toxapex|55\/100\n|-unboost|p1a: Blaziken|def|1\n|-unboost|p1a: Blaziken|spd|1\n|-damage|p1a: Blaziken|75\/100 tox|[from] item: Life Orb\n|\n|-damage|p1a: Blaziken|63\/100 tox|[from] psn\n|-ability|p1a: Blaziken|Speed Boost|boost\n|-boost|p1a: Blaziken|spe|1\n|upkeep\n|turn|22\n|\n|t:|1664742782\n|switch|p2a: Hydreigon|Hydreigon, F|100\/100\n|move|p1a: Blaziken|Thunder Punch|p2a: Hydreigon\n|-resisted|p2a: Hydreigon\n|-damage|p2a: Hydreigon|78\/100\n|-damage|p1a: Blaziken|53\/100 tox|[from] item: Life Orb\n|\n|-heal|p2a: Hydreigon|85\/100|[from] item: Leftovers\n|-damage|p1a: Blaziken|35\/100 tox|[from] psn\n|-ability|p1a: Blaziken|Speed Boost|boost\n|-boost|p1a: Blaziken|spe|1\n|upkeep\n|turn|23\n|\n|t:|1664742789\n|switch|p2a: Quagsire|Quagsire, F|50\/100\n|move|p1a: Blaziken|Close Combat|p2a: Quagsire\n|-damage|p2a: Quagsire|0 fnt\n|-unboost|p1a: Blaziken|def|1\n|-unboost|p1a: Blaziken|spd|1\n|faint|p2a: Quagsire\n|-damage|p1a: Blaziken|25\/100 tox|[from] item: Life Orb\n|\n|-damage|p1a: Blaziken|1\/100 tox|[from] psn\n|-ability|p1a: Blaziken|Speed Boost|boost\n|-boost|p1a: Blaziken|spe|1\n|upkeep\n|\n|t:|1664742792\n|switch|p2a: Shedinja|Shedinja|100\/100\n|turn|24\n|\n|t:|1664742794\n|move|p2a: Shedinja|Protect|p2a: Shedinja\n|-singleturn|p2a: Shedinja|Protect\n|move|p1a: Blaziken|Knock Off|p2a: Shedinja\n|-activate|p2a: Shedinja|move: Protect\n|\n|-damage|p1a: Blaziken|0 fnt|[from] psn\n|faint|p1a: Blaziken\n|upkeep\n|-message|comp233 forfeited.\n|\n|win|Geobruhhh\n|raw|comp233's rating: 1688 &rarr; <strong>1668<\/strong><br \/>(-20 for losing)\n|raw|Geobruhhh's rating: 1684 &rarr; <strong>1704<\/strong><br \/>(+20 for winning)\n|l|\u2606comp233\n||Ladder isn't responding, score probably updated but might not have (Request timeout).\n","uploadtime":1664742803,"views":21,"p1id":"comp233","p2id":"geobruhhh","formatid":"gen8ou","rating":1668,"private":0,"password":null}