{"id":"gen8ou-1175748538","p1":"isheavydead","p2":"lt73iu sicka","format":"gen8ou","log":"|raw|<div class=\"broadcast-blue\"><strong>This battle is required to be public due to a player having a name starting with 'LT73IU'.<\/div>\n|j|\u2606isheavydead\n|j|\u2606lt73iu sicka\n|t:|1598455069\n|player|p1|isheavydead|2|1819\n|player|p2|lt73iu sicka|lucas|1722\n|teamsize|p1|6\n|teamsize|p2|6\n|gametype|singles\n|gen|8\n|tier|[Gen 8] OU\n|rated|\n|clearpoke\n|poke|p1|Haxorus, M|\n|poke|p1|Volcarona, M|\n|poke|p1|Ninetales-Alola, F|\n|poke|p1|Excadrill, F|\n|poke|p1|Urshifu-*, F|\n|poke|p1|Azumarill, M|\n|poke|p2|Dragapult, F|\n|poke|p2|Excadrill, M|\n|poke|p2|Toxapex, M|\n|poke|p2|Clefable, F|\n|poke|p2|Skarmory, F|\n|poke|p2|Hippowdon, M|\n|rule|Sleep Clause Mod: Limit one foe put to sleep\n|rule|Species Clause: Limit one of each Pok\u00e9mon\n|rule|OHKO Clause: OHKO moves are banned\n|rule|Evasion Moves Clause: Evasion moves are banned\n|rule|Endless Battle Clause: Forcing endless battles is banned\n|rule|HP Percentage Mod: HP is shown in percentages\n|rule|Dynamax Clause: You cannot dynamax\n|teampreview\n|\n|t:|1598455106\n|start\n|switch|p1a: Excadrill|Excadrill, F, shiny|100\/100\n|switch|p2a: Hippowdon|Hippowdon, M|100\/100\n|-ability|p1a: Excadrill|Mold Breaker\n|-weather|Sandstorm|[from] ability: Sand Stream|[of] p2a: Hippowdon\n|turn|1\n|inactive|Battle timer is ON: inactive players will automatically lose when time's up. (requested by isheavydead)\n|\n|t:|1598455110\n|move|p1a: Excadrill|Stealth Rock|p2a: Hippowdon\n|-sidestart|p2: lt73iu sicka|move: Stealth Rock\n|move|p2a: Hippowdon|Earthquake|p1a: Excadrill\n|-supereffective|p1a: Excadrill\n|-enditem|p1a: Excadrill|Focus Sash\n|-damage|p1a: Excadrill|1\/100\n|\n|-weather|Sandstorm|[upkeep]\n|upkeep\n|turn|2\n|l|\u2606isheavydead\n|inactive|isheavydead disconnected and has a minute to reconnect!\n|player|p1|\n|j|\u2606isheavydead\n|inactive|isheavydead reconnected and has 120 seconds left.\n|player|p1|isheavydead|2\n|\n|t:|1598455144\n|move|p1a: Excadrill|Rapid Spin|p2a: Hippowdon\n|-damage|p2a: Hippowdon|88\/100\n|-boost|p1a: Excadrill|spe|1\n|move|p2a: Hippowdon|Stealth Rock|p1a: Excadrill\n|-sidestart|p1: isheavydead|move: Stealth Rock\n|\n|-weather|Sandstorm|[upkeep]\n|-heal|p2a: Hippowdon|94\/100|[from] item: Leftovers\n|upkeep\n|turn|3\n|\n|t:|1598455149\n|switch|p2a: Skarmory|Skarmory, F|100\/100\n|-damage|p2a: Skarmory|88\/100|[from] Stealth Rock\n|move|p1a: Excadrill|Earthquake|p2a: Skarmory\n|-immune|p2a: Skarmory\n|\n|-weather|Sandstorm|[upkeep]\n|upkeep\n|turn|4\n|\n|t:|1598455154\n|move|p1a: Excadrill|Rapid Spin|p2a: Skarmory\n|-resisted|p2a: Skarmory\n|-damage|p2a: Skarmory|83\/100\n|-boost|p1a: Excadrill|spe|1\n|-damage|p1a: Excadrill|0 fnt|[from] item: Rocky Helmet|[of] p2a: Skarmory\n|faint|p1a: Excadrill\n|move|p2a: Skarmory|Spikes|p1: Excadrill\n|-sidestart|p1: isheavydead|Spikes\n|\n|-weather|Sandstorm|[upkeep]\n|upkeep\n|\n|t:|1598455156\n|switch|p1a: Volcarona|Volcarona, M|100\/100\n|turn|5\n|\n|t:|1598455164\n|switch|p2a: Dragapult|Dragapult, F|100\/100\n|move|p1a: Volcarona|Fiery Dance|p2a: Dragapult\n|-resisted|p2a: Dragapult\n|-damage|p2a: Dragapult|75\/100\n|-boost|p1a: Volcarona|spa|1\n|\n|-weather|none\n|upkeep\n|turn|6\n|\n|t:|1598455169\n|move|p2a: Dragapult|Thunder Wave|p1a: Volcarona\n|-status|p1a: Volcarona|par\n|cant|p1a: Volcarona|par\n|\n|upkeep\n|turn|7\n|\n|t:|1598455173\n|move|p2a: Dragapult|Hex|p1a: Volcarona\n|-damage|p1a: Volcarona|33\/100 par\n|cant|p1a: Volcarona|par\n|\n|upkeep\n|turn|8\n|\n|t:|1598455175\n|move|p2a: Dragapult|Hex|p1a: Volcarona\n|-damage|p1a: Volcarona|0 fnt\n|faint|p1a: Volcarona\n|\n|upkeep\n|\n|t:|1598455180\n|switch|p1a: Urshifu|Urshifu, F|100\/100\n|-damage|p1a: Urshifu|94\/100|[from] Stealth Rock\n|-damage|p1a: Urshifu|82\/100|[from] Spikes\n|turn|9\n|\n|t:|1598455184\n|move|p2a: Dragapult|Thunder Wave|p1a: Urshifu\n|-status|p1a: Urshifu|par\n|move|p1a: Urshifu|Wicked Blow|p2a: Dragapult\n|-supereffective|p2a: Dragapult\n|-crit|p2a: Dragapult\n|-damage|p2a: Dragapult|0 fnt\n|faint|p2a: Dragapult\n|\n|upkeep\n|\n|t:|1598455191\n|switch|p2a: Clefable|Clefable, F|100\/100\n|turn|10\n|\n|t:|1598455197\n|switch|p1a: Ninetales|Ninetales-Alola, F, shiny|100\/100\n|-damage|p1a: Ninetales|76\/100|[from] Stealth Rock\n|-damage|p1a: Ninetales|63\/100|[from] Spikes\n|-weather|Hail|[from] ability: Snow Warning|[of] p1a: Ninetales\n|move|p2a: Clefable|Moonblast|p1a: Ninetales\n|-damage|p1a: Ninetales|24\/100\n|\n|-weather|Hail|[upkeep]\n|upkeep\n|turn|11\n|l|\u2606isheavydead\n|inactive|isheavydead disconnected and has a minute to reconnect!\n|player|p1|\n|j|\u2606isheavydead\n|inactive|isheavydead reconnected and has 130 seconds left.\n|player|p1|isheavydead|2\n|\n|t:|1598455221\n|switch|p2a: Hippowdon|Hippowdon, M|94\/100\n|-damage|p2a: Hippowdon|88\/100|[from] Stealth Rock\n|-weather|Sandstorm|[from] ability: Sand Stream|[of] p2a: Hippowdon\n|move|p1a: Ninetales|Aurora Veil||[still]\n|-fail|p1a: Ninetales\n|\n|-weather|Sandstorm|[upkeep]\n|-damage|p1a: Ninetales|18\/100|[from] Sandstorm\n|-heal|p2a: Hippowdon|94\/100|[from] item: Leftovers\n|upkeep\n|turn|12\n|\n|t:|1598455229\n|switch|p2a: Excadrill|Excadrill, M|100\/100\n|-damage|p2a: Excadrill|97\/100|[from] Stealth Rock\n|move|p1a: Ninetales|Freeze-Dry|p2a: Excadrill\n|-damage|p2a: Excadrill|71\/100\n|-status|p2a: Excadrill|frz\n|\n|-weather|Sandstorm|[upkeep]\n|-damage|p1a: Ninetales|12\/100|[from] Sandstorm\n|-heal|p2a: Excadrill|77\/100 frz|[from] item: Leftovers\n|upkeep\n|turn|13\n|\n|t:|1598455233\n|cant|p2a: Excadrill|frz\n|move|p1a: Ninetales|Freeze-Dry|p2a: Excadrill\n|-damage|p2a: Excadrill|48\/100 frz\n|\n|-weather|Sandstorm|[upkeep]\n|-damage|p1a: Ninetales|6\/100|[from] Sandstorm\n|-heal|p2a: Excadrill|54\/100 frz|[from] item: Leftovers\n|upkeep\n|turn|14\n|\n|t:|1598455238\n|cant|p2a: Excadrill|frz\n|move|p1a: Ninetales|Freeze-Dry|p2a: Excadrill\n|-damage|p2a: Excadrill|27\/100 frz\n|\n|-weather|Sandstorm|[upkeep]\n|-damage|p1a: Ninetales|0 fnt|[from] Sandstorm\n|faint|p1a: Ninetales\n|-heal|p2a: Excadrill|33\/100 frz|[from] item: Leftovers\n|upkeep\n|\n|t:|1598455242\n|switch|p1a: Azumarill|Azumarill, M|100\/100\n|-damage|p1a: Azumarill|88\/100|[from] Spikes\n|-damage|p1a: Azumarill|76\/100|[from] Stealth Rock\n|turn|15\n|\n|t:|1598455246\n|cant|p2a: Excadrill|frz\n|move|p1a: Azumarill|Belly Drum|p1a: Azumarill\n|-damage|p1a: Azumarill|26\/100\n|-setboost|p1a: Azumarill|atk|6|[from] move: Belly Drum\n|-enditem|p1a: Azumarill|Sitrus Berry|[eat]\n|-heal|p1a: Azumarill|51\/100|[from] item: Sitrus Berry\n|\n|-weather|none\n|-heal|p2a: Excadrill|39\/100 frz|[from] item: Leftovers\n|upkeep\n|turn|16\n|\n|t:|1598455249\n|switch|p2a: Toxapex|Toxapex, M|100\/100\n|-damage|p2a: Toxapex|88\/100|[from] Stealth Rock\n|move|p1a: Azumarill|Aqua Jet|p2a: Toxapex\n|-resisted|p2a: Toxapex\n|-damage|p2a: Toxapex|57\/100\n|\n|-heal|p2a: Toxapex|64\/100|[from] item: Black Sludge\n|upkeep\n|turn|17\n|\n|t:|1598455256\n|switch|p2a: Excadrill|Excadrill, M|39\/100 frz\n|-damage|p2a: Excadrill|36\/100 frz|[from] Stealth Rock\n|move|p1a: Azumarill|Knock Off|p2a: Excadrill\n|-damage|p2a: Excadrill|0 fnt\n|-enditem|p2a: Excadrill|Leftovers|[from] move: Knock Off|[of] p1a: Azumarill\n|faint|p2a: Excadrill\n|\n|upkeep\n|\n|t:|1598455261\n|switch|p2a: Hippowdon|Hippowdon, M|94\/100\n|-damage|p2a: Hippowdon|88\/100|[from] Stealth Rock\n|-weather|Sandstorm|[from] ability: Sand Stream|[of] p2a: Hippowdon\n|turn|18\n|inactive|lt73iu sicka has 120 seconds left.\n|\n|t:|1598455298\n|switch|p2a: Skarmory|Skarmory, F|83\/100\n|-damage|p2a: Skarmory|71\/100|[from] Stealth Rock\n|move|p1a: Azumarill|Aqua Jet|p2a: Skarmory\n|-damage|p2a: Skarmory|8\/100\n|-damage|p1a: Azumarill|34\/100|[from] item: Rocky Helmet|[of] p2a: Skarmory\n|\n|-weather|Sandstorm|[upkeep]\n|-damage|p1a: Azumarill|28\/100|[from] Sandstorm\n|upkeep\n|turn|19\n|inactive|lt73iu sicka has 120 seconds left.\n|\n|t:|1598455306\n|move|p1a: Azumarill|Aqua Jet|p2a: Skarmory\n|-damage|p2a: Skarmory|0 fnt\n|-damage|p1a: Azumarill|12\/100|[from] item: Rocky Helmet|[of] p2a: Skarmory\n|faint|p2a: Skarmory\n|\n|-weather|Sandstorm|[upkeep]\n|-damage|p1a: Azumarill|6\/100|[from] Sandstorm\n|upkeep\n|inactive|lt73iu sicka has 120 seconds left.\n|\n|t:|1598455327\n|switch|p2a: Hippowdon|Hippowdon, M|88\/100\n|-damage|p2a: Hippowdon|82\/100|[from] Stealth Rock\n|turn|20\n|\n|t:|1598455332\n|move|p1a: Azumarill|Knock Off|p2a: Hippowdon\n|-damage|p2a: Hippowdon|0 fnt\n|-enditem|p2a: Hippowdon|Leftovers|[from] move: Knock Off|[of] p1a: Azumarill\n|faint|p2a: Hippowdon\n|\n|-weather|Sandstorm|[upkeep]\n|-damage|p1a: Azumarill|0 fnt|[from] Sandstorm\n|faint|p1a: Azumarill\n|upkeep\n|inactive|lt73iu sicka has 120 seconds left.\n|\n|t:|1598455338\n|switch|p1a: Haxorus|Haxorus, M, shiny|100\/100\n|switch|p2a: Toxapex|Toxapex, M|97\/100\n|-damage|p1a: Haxorus|88\/100|[from] Stealth Rock\n|-damage|p1a: Haxorus|76\/100|[from] Spikes\n|-ability|p1a: Haxorus|Mold Breaker\n|-damage|p2a: Toxapex|84\/100|[from] Stealth Rock\n|turn|21\n|\n|t:|1598455342\n|move|p1a: Haxorus|Swords Dance|p1a: Haxorus\n|-boost|p1a: Haxorus|atk|2\n|move|p2a: Toxapex|Knock Off|p1a: Haxorus\n|-damage|p1a: Haxorus|54\/100\n|-enditem|p1a: Haxorus|Lum Berry|[from] move: Knock Off|[of] p2a: Toxapex\n|\n|-weather|Sandstorm|[upkeep]\n|-damage|p1a: Haxorus|48\/100|[from] Sandstorm\n|-damage|p2a: Toxapex|78\/100|[from] Sandstorm\n|-heal|p2a: Toxapex|84\/100|[from] item: Black Sludge\n|upkeep\n|turn|22\n|\n|t:|1598455345\n|move|p1a: Haxorus|Scale Shot|p2a: Toxapex|[miss]\n|-miss|p1a: Haxorus|p2a: Toxapex\n|move|p2a: Toxapex|Haze|p2a: Toxapex\n|-clearallboost\n|\n|-weather|none\n|-heal|p2a: Toxapex|91\/100|[from] item: Black Sludge\n|upkeep\n|turn|23\n|\n|t:|1598455349\n|move|p1a: Haxorus|Swords Dance|p1a: Haxorus\n|-boost|p1a: Haxorus|atk|2\n|move|p2a: Toxapex|Scald|p1a: Haxorus\n|-resisted|p1a: Haxorus\n|-crit|p1a: Haxorus\n|-damage|p1a: Haxorus|32\/100\n|\n|-heal|p2a: Toxapex|97\/100|[from] item: Black Sludge\n|upkeep\n|turn|24\n|l|\u2606isheavydead\n|inactive|isheavydead disconnected and has a minute to reconnect!\n|player|p1|\n|j| Livio ElTito\n|inactive|isheavydead has 30 seconds to reconnect!\n|inactive|isheavydead has 20 seconds to reconnect!\n|inactive|isheavydead has 15 seconds to reconnect!\n|inactive|isheavydead has 10 seconds to reconnect!\n|inactive|isheavydead has 5 seconds to reconnect!\n|-message|isheavydead lost due to inactivity.\n|\n|win|lt73iu sicka\n|l|\u2606lt73iu sicka\n|j|\u2606isheavydead\n|player|p1|isheavydead|2\n|l|\u2606isheavydead\n|player|p1|\n||Ladder (probably) updated, but score could not be retrieved (Request timeout).\n","uploadtime":1598455699,"views":92,"p1id":"isheavydead","p2id":"lt73iusicka","formatid":"gen8ou","rating":0,"private":0,"password":null}