{"id":"gen8ou-1544659462","p1":"HQSTest","p2":"Zd'XC","format":"gen8ou","log":"|j|\u203dHQSTest\n|j|\u2606Zd'XC\n|t:|1648935837\n|gametype|singles\n|player|p1|HQSTest|cynthia|1306\n|player|p2|Zd'XC|101|1300\n|teamsize|p1|6\n|teamsize|p2|6\n|gen|8\n|tier|[Gen 8] OU\n|rated|\n|rule|Sleep Clause Mod: Limit one foe put to sleep\n|rule|Species Clause: Limit one of each Pok\u00e9mon\n|rule|OHKO Clause: OHKO moves are banned\n|rule|Evasion Moves Clause: Evasion moves are banned\n|rule|Endless Battle Clause: Forcing endless battles is banned\n|rule|HP Percentage Mod: HP is shown in percentages\n|rule|Dynamax Clause: You cannot dynamax\n|clearpoke\n|poke|p1|Omastar, M|\n|poke|p1|Kartana|\n|poke|p1|Landorus-Therian, M|\n|poke|p1|Moltres-Galar|\n|poke|p1|Ninetales-Alola, M|\n|poke|p1|Dragapult, M|\n|poke|p2|Kartana|\n|poke|p2|Magnezone|\n|poke|p2|Landorus-Therian, M|\n|poke|p2|Tapu Lele|\n|poke|p2|Tapu Fini|\n|poke|p2|Dragonite, M|\n|teampreview\n|inactive|Battle timer is ON: inactive players will automatically lose when time's up. (requested by Zd'XC)\n|\n|t:|1648935858\n|start\n|switch|p1a: Landorus|Landorus-Therian, M|100\/100\n|switch|p2a: Raven|Tapu Lele, shiny|100\/100\n|-fieldstart|move: Psychic Terrain|[from] ability: Psychic Surge|[of] p2a: Raven\n|-ability|p1a: Landorus|Intimidate|boost\n|-unboost|p2a: Raven|atk|1\n|turn|1\n|\n|t:|1648935876\n|switch|p2a: Enten|Landorus-Therian, M, shiny|100\/100\n|-ability|p2a: Enten|Intimidate|boost\n|-unboost|p1a: Landorus|atk|1\n|move|p1a: Landorus|U-turn|p2a: Enten\n|-resisted|p2a: Enten\n|-damage|p2a: Enten|91\/100\n|\n|t:|1648935880\n|switch|p1a: Ninetales|Ninetales-Alola, M|100\/100|[from]move: U-turn\n|-weather|Hail|[from] ability: Snow Warning|[of] p1a: Ninetales\n|\n|-weather|Hail|[upkeep]\n|-damage|p2a: Enten|85\/100|[from] Hail\n|-heal|p2a: Enten|91\/100|[from] item: Leftovers\n|upkeep\n|turn|2\n|\n|t:|1648935904\n|switch|p2a: Raven|Tapu Lele, shiny|100\/100\n|move|p1a: Ninetales|Aurora Veil|p1a: Ninetales\n|-sidestart|p1: HQSTest|move: Aurora Veil\n|\n|-weather|Hail|[upkeep]\n|-damage|p2a: Raven|94\/100|[from] Hail\n|upkeep\n|turn|3\n|\n|t:|1648935911\n|move|p1a: Ninetales|Freeze-Dry|p2a: Raven\n|-damage|p2a: Raven|71\/100\n|move|p2a: Raven|Psyshock|p1a: Ninetales\n|-damage|p1a: Ninetales|47\/100\n|\n|-weather|Hail|[upkeep]\n|-damage|p2a: Raven|65\/100|[from] Hail\n|upkeep\n|turn|4\n|inactive|HQSTest has 120 seconds left.\n|\n|t:|1648935954\n|switch|p1a: Landorus|Landorus-Therian, M|100\/100\n|-ability|p1a: Landorus|Intimidate|boost\n|-unboost|p2a: Raven|atk|1\n|move|p2a: Raven|Psyshock|p1a: Landorus\n|-damage|p1a: Landorus|52\/100\n|\n|-weather|Hail|[upkeep]\n|-damage|p2a: Raven|59\/100|[from] Hail\n|-damage|p1a: Landorus|46\/100|[from] Hail\n|upkeep\n|turn|5\n|\n|t:|1648935959\n|switch|p1a: Moltres|Moltres-Galar|100\/100\n|move|p2a: Raven|Psyshock|p1a: Moltres\n|-immune|p1a: Moltres\n|\n|-weather|none\n|-fieldend|move: Psychic Terrain\n|upkeep\n|turn|6\n|\n|t:|1648935973\n|switch|p2a: Dark Calamity|Tapu Fini, shiny|100\/100\n|-fieldstart|move: Misty Terrain|[from] ability: Misty Surge|[of] p2a: Dark Calamity\n|move|p1a: Moltres|Nasty Plot|p1a: Moltres\n|-boost|p1a: Moltres|spa|2\n|\n|upkeep\n|turn|7\n|\n|t:|1648935986\n|move|p2a: Dark Calamity|Moonblast|p1a: Moltres\n|-supereffective|p1a: Moltres\n|-damage|p1a: Moltres|69\/100\n|-unboost|p1a: Moltres|spa|1\n|move|p1a: Moltres|Hurricane|p2a: Dark Calamity\n|-damage|p2a: Dark Calamity|24\/100\n|\n|upkeep\n|turn|8\n|\n|t:|1648936000\n|move|p2a: Dark Calamity|Moonblast|p1a: Moltres\n|-supereffective|p1a: Moltres\n|-damage|p1a: Moltres|39\/100\n|-ability|p1a: Moltres|Berserk|boost\n|-boost|p1a: Moltres|spa|1\n|move|p1a: Moltres|Agility|p1a: Moltres\n|-boost|p1a: Moltres|spe|2\n|\n|upkeep\n|turn|9\n|\n|t:|1648936023\n|move|p1a: Moltres|Fiery Wrath|p2a: Dark Calamity\n|-resisted|p2a: Dark Calamity\n|-damage|p2a: Dark Calamity|0 fnt\n|faint|p2a: Dark Calamity\n|\n|-sideend|p1: HQSTest|move: Aurora Veil\n|upkeep\n|\n|t:|1648936025\n|switch|p2a: Leviathan|Dragonite, M, shiny|100\/100\n|turn|10\n|\n|t:|1648936031\n|move|p1a: Moltres|Fiery Wrath|p2a: Leviathan\n|-damage|p2a: Leviathan|58\/100\n|move|p2a: Leviathan|Dual Wingbeat|p1a: Moltres|[miss]\n|-miss|p2a: Leviathan|p1a: Moltres\n|\n|-fieldend|Misty Terrain\n|upkeep\n|turn|11\n|\n|t:|1648936037\n|move|p1a: Moltres|Fiery Wrath|p2a: Leviathan\n|-damage|p2a: Leviathan|0 fnt\n|faint|p2a: Leviathan\n|\n|upkeep\n|\n|t:|1648936050\n|switch|p2a: Grimlock|Magnezone, shiny|100\/100\n|turn|12\n|\n|t:|1648936053\n|move|p1a: Moltres|Fiery Wrath|p2a: Grimlock\n|-damage|p2a: Grimlock|1\/100\n|move|p2a: Grimlock|Discharge|p1a: Moltres\n|-supereffective|p1a: Moltres\n|-damage|p1a: Moltres|0 fnt\n|faint|p1a: Moltres\n|\n|upkeep\n|\n|t:|1648936062\n|switch|p1a: Ninetales|Ninetales-Alola, M|47\/100\n|-weather|Hail|[from] ability: Snow Warning|[of] p1a: Ninetales\n|turn|13\n|\n|t:|1648936070\n|move|p1a: Ninetales|Aurora Veil|p1a: Ninetales\n|-sidestart|p1: HQSTest|move: Aurora Veil\n|move|p2a: Grimlock|Discharge|p1a: Ninetales\n|-damage|p1a: Ninetales|29\/100\n|\n|-weather|Hail|[upkeep]\n|-damage|p2a: Grimlock|0 fnt|[from] Hail\n|faint|p2a: Grimlock\n|upkeep\n|\n|t:|1648936076\n|switch|p2a: Deathstroke|Kartana, shiny|100\/100\n|turn|14\n|\n|t:|1648936088\n|switch|p1a: Landorus|Landorus-Therian, M|46\/100\n|-ability|p1a: Landorus|Intimidate|boost\n|-unboost|p2a: Deathstroke|atk|1\n|move|p2a: Deathstroke|Leaf Blade|p1a: Landorus\n|-damage|p1a: Landorus|9\/100\n|\n|-weather|Hail|[upkeep]\n|-damage|p2a: Deathstroke|94\/100|[from] Hail\n|-damage|p1a: Landorus|3\/100|[from] Hail\n|upkeep\n|turn|15\n|\n|t:|1648936091\n|switch|p1a: Kartana|Kartana|100\/100\n|move|p2a: Deathstroke|Leaf Blade|p1a: Kartana\n|-resisted|p1a: Kartana\n|-damage|p1a: Kartana|94\/100\n|\n|-weather|Hail|[upkeep]\n|-damage|p1a: Kartana|87\/100|[from] Hail\n|-damage|p2a: Deathstroke|88\/100|[from] Hail\n|upkeep\n|turn|16\n|\n|t:|1648936096\n|switch|p2a: Enten|Landorus-Therian, M, shiny|91\/100\n|-ability|p2a: Enten|Intimidate|boost\n|-unboost|p1a: Kartana|atk|1\n|-enditem|p1a: Kartana|Adrenaline Orb\n|-boost|p1a: Kartana|spe|1|[from] item: Adrenaline Orb\n|move|p1a: Kartana|Swords Dance|p1a: Kartana\n|-boost|p1a: Kartana|atk|2\n|\n|-weather|Hail|[upkeep]\n|-damage|p1a: Kartana|81\/100|[from] Hail\n|-damage|p2a: Enten|85\/100|[from] Hail\n|-heal|p2a: Enten|91\/100|[from] item: Leftovers\n|upkeep\n|turn|17\n|\n|t:|1648936113\n|move|p1a: Kartana|Swords Dance|p1a: Kartana\n|-boost|p1a: Kartana|atk|2\n|move|p2a: Enten|Earthquake|p1a: Kartana\n|-damage|p1a: Kartana|55\/100\n|\n|-weather|none\n|-heal|p2a: Enten|97\/100|[from] item: Leftovers\n|upkeep\n|turn|18\n|-message|Zd'XC forfeited.\n|\n|win|HQSTest\n|raw|HQSTest's rating: 1306 &rarr; <strong>1326<\/strong><br \/>(+20 for winning)\n|raw|Zd&apos;XC's rating: 1300 &rarr; <strong>1275<\/strong><br \/>(-25 for losing)\n|l|\u2606Zd'XC\n||Ladder isn't responding, score probably updated but might not have (Request timeout).\n","uploadtime":1648936127,"views":9,"p1id":"hqstest","p2id":"zdxc","formatid":"gen8ou","rating":1275,"private":0,"password":null}