{"id":"gen8ou-1639948884","p1":"LT93OQ cervejinha","p2":"yhdrslb","format":"gen8ou","log":"|raw|<div class=\"broadcast-blue\"><strong>This battle is required to be public due to a player having a name starting with 'lt93oq'.<\/div>\n|j|\u2606LT93OQ cervejinha\n|j|\u2606yhdrslb\n|t:|1660533086\n|gametype|singles\n|player|p1|LT93OQ cervejinha|ninjaboy|1620\n|player|p2|yhdrslb|1|1672\n|teamsize|p1|6\n|teamsize|p2|6\n|gen|8\n|tier|[Gen 8] OU\n|rated|\n|rule|Sleep Clause Mod: Limit one foe put to sleep\n|rule|Species Clause: Limit one of each Pok\u00e9mon\n|rule|OHKO Clause: OHKO moves are banned\n|rule|Evasion Items Clause: Evasion items are banned\n|rule|Evasion Moves Clause: Evasion moves are banned\n|rule|Endless Battle Clause: Forcing endless battles is banned\n|rule|HP Percentage Mod: HP is shown in percentages\n|rule|Dynamax Clause: You cannot dynamax\n|clearpoke\n|poke|p1|Suicune|\n|poke|p1|Tornadus-Therian, M|\n|poke|p1|Clefable, M|\n|poke|p1|Blissey, F|\n|poke|p1|Hippowdon, F|\n|poke|p1|Corviknight, M|\n|poke|p2|Tapu Koko|\n|poke|p2|Hawlucha, M|\n|poke|p2|Garchomp, F|\n|poke|p2|Ferrothorn, M|\n|poke|p2|Victini|\n|poke|p2|Regieleki|\n|teampreview\n|inactive|Battle timer is ON: inactive players will automatically lose when time's up. (requested by yhdrslb)\n|\n|t:|1660533104\n|start\n|switch|p1a: Suicune|Suicune|100\/100\n|switch|p2a: Victini|Victini|100\/100\n|-ability|p1a: Suicune|Pressure\n|turn|1\n|\n|t:|1660533114\n|move|p2a: Victini|Bolt Strike|p1a: Suicune\n|-supereffective|p1a: Suicune\n|-damage|p1a: Suicune|45\/100\n|-status|p1a: Suicune|par\n|move|p1a: Suicune|Scald|p2a: Victini\n|-supereffective|p2a: Victini\n|-damage|p2a: Victini|25\/100\n|\n|-heal|p1a: Suicune|51\/100 par|[from] item: Leftovers\n|upkeep\n|turn|2\n|\n|t:|1660533120\n|switch|p1a: Hippowdon|Hippowdon, F|100\/100\n|-weather|Sandstorm|[from] ability: Sand Stream|[of] p1a: Hippowdon\n|move|p2a: Victini|Trick|p1a: Hippowdon\n|-activate|p2a: Victini|move: Trick|[of] p1a: Hippowdon\n|-item|p1a: Hippowdon|Ring Target|[from] move: Trick\n|-item|p2a: Victini|Leftovers|[from] move: Trick\n|\n|-weather|Sandstorm|[upkeep]\n|-damage|p2a: Victini|19\/100|[from] Sandstorm\n|-heal|p2a: Victini|25\/100|[from] item: Leftovers\n|upkeep\n|turn|3\n|\n|t:|1660533135\n|switch|p2a: Ferrothorn|Ferrothorn, M|100\/100\n|move|p1a: Hippowdon|Stealth Rock|p2a: Ferrothorn\n|-sidestart|p2: yhdrslb|move: Stealth Rock\n|\n|-weather|Sandstorm|[upkeep]\n|upkeep\n|turn|4\n|\n|t:|1660533139\n|switch|p1a: Suicune|Suicune|51\/100 par\n|-ability|p1a: Suicune|Pressure\n|move|p2a: Ferrothorn|Leech Seed|p1a: Suicune\n|-start|p1a: Suicune|move: Leech Seed\n|\n|-weather|Sandstorm|[upkeep]\n|-damage|p1a: Suicune|45\/100 par|[from] Sandstorm\n|-heal|p1a: Suicune|51\/100 par|[from] item: Leftovers\n|-damage|p1a: Suicune|38\/100 par|[from] Leech Seed|[of] p2a: Ferrothorn\n|upkeep\n|turn|5\n|\n|t:|1660533143\n|move|p1a: Suicune|Scald|p2a: Ferrothorn\n|-resisted|p2a: Ferrothorn\n|-damage|p2a: Ferrothorn|89\/100\n|move|p2a: Ferrothorn|Power Whip|p1a: Suicune\n|-supereffective|p1a: Suicune\n|-damage|p1a: Suicune|0 fnt\n|faint|p1a: Suicune\n|\n|-weather|Sandstorm|[upkeep]\n|-heal|p2a: Ferrothorn|95\/100|[from] item: Leftovers\n|upkeep\n|\n|t:|1660533155\n|switch|p1a: Clefable|Clefable, M|100\/100\n|turn|6\n|\n|t:|1660533164\n|switch|p1a: Tornadus|Tornadus-Therian, M|100\/100\n|move|p2a: Ferrothorn|Knock Off|p1a: Tornadus\n|-damage|p1a: Tornadus|73\/100\n|-enditem|p1a: Tornadus|Heavy-Duty Boots|[from] move: Knock Off|[of] p2a: Ferrothorn\n|\n|-weather|none\n|-heal|p2a: Ferrothorn|100\/100|[from] item: Leftovers\n|upkeep\n|turn|7\n|\n|t:|1660533169\n|switch|p2a: Garchomp|Garchomp, F|100\/100\n|-damage|p2a: Garchomp|94\/100|[from] Stealth Rock\n|move|p1a: Tornadus|Knock Off|p2a: Garchomp\n|-damage|p2a: Garchomp|81\/100\n|-damage|p1a: Tornadus|61\/100|[from] ability: Rough Skin|[of] p2a: Garchomp\n|-enditem|p2a: Garchomp|Leftovers|[from] move: Knock Off|[of] p1a: Tornadus\n|\n|upkeep\n|turn|8\n|\n|t:|1660533174\n|switch|p1a: Corviknight|Corviknight, M|100\/100\n|-ability|p1a: Corviknight|Pressure\n|move|p2a: Garchomp|Stealth Rock|p1a: Corviknight\n|-sidestart|p1: LT93OQ cervejinha|move: Stealth Rock\n|\n|upkeep\n|turn|9\n|\n|t:|1660533182\n|switch|p2a: Tapu Koko|Tapu Koko|100\/100\n|-damage|p2a: Tapu Koko|88\/100|[from] Stealth Rock\n|-fieldstart|move: Electric Terrain|[from] ability: Electric Surge|[of] p2a: Tapu Koko\n|move|p1a: Corviknight|Iron Defense|p1a: Corviknight\n|-boost|p1a: Corviknight|def|2\n|\n|upkeep\n|turn|10\n|\n|t:|1660533184\n|switch|p1a: Hippowdon|Hippowdon, F|100\/100\n|-damage|p1a: Hippowdon|94\/100|[from] Stealth Rock\n|-weather|Sandstorm|[from] ability: Sand Stream|[of] p1a: Hippowdon\n|move|p2a: Tapu Koko|Thunderbolt|p1a: Hippowdon\n|-damage|p1a: Hippowdon|60\/100\n|\n|-weather|Sandstorm|[upkeep]\n|-damage|p2a: Tapu Koko|82\/100|[from] Sandstorm\n|upkeep\n|turn|11\n|j| C h o k a s\n|\n|t:|1660533189\n|move|p2a: Tapu Koko|U-turn|p1a: Hippowdon\n|-damage|p1a: Hippowdon|48\/100\n|\n|t:|1660533192\n|switch|p2a: Victini|Victini|25\/100|[from]move: U-turn\n|-damage|p2a: Victini|0 fnt|[from] Stealth Rock\n|faint|p2a: Victini\n|move|p1a: Hippowdon|Slack Off|p1a: Hippowdon\n|-heal|p1a: Hippowdon|98\/100\n|\n|-weather|Sandstorm|[upkeep]\n|upkeep\n|inactive|yhdrslb has 120 seconds left.\n|\n|t:|1660533236\n|switch|p2a: Garchomp|Garchomp, F|81\/100\n|-damage|p2a: Garchomp|75\/100|[from] Stealth Rock\n|turn|12\n|\n|t:|1660533242\n|switch|p2a: Ferrothorn|Ferrothorn, M|100\/100\n|-damage|p2a: Ferrothorn|94\/100|[from] Stealth Rock\n|move|p1a: Hippowdon|Toxic|p2a: Ferrothorn\n|-immune|p2a: Ferrothorn\n|\n|-weather|Sandstorm|[upkeep]\n|-heal|p2a: Ferrothorn|100\/100|[from] item: Leftovers\n|upkeep\n|turn|13\n|\n|t:|1660533249\n|switch|p1a: Tornadus|Tornadus-Therian, M|94\/100\n|-damage|p1a: Tornadus|69\/100|[from] Stealth Rock\n|move|p2a: Ferrothorn|Spikes|p1a: Tornadus\n|-sidestart|p1: LT93OQ cervejinha|Spikes\n|\n|-weather|Sandstorm|[upkeep]\n|-damage|p1a: Tornadus|63\/100|[from] Sandstorm\n|upkeep\n|turn|14\n|\n|t:|1660533252\n|move|p1a: Tornadus|Knock Off|p2a: Ferrothorn\n|-damage|p2a: Ferrothorn|85\/100\n|-damage|p1a: Tornadus|51\/100|[from] ability: Iron Barbs|[of] p2a: Ferrothorn\n|-enditem|p2a: Ferrothorn|Leftovers|[from] move: Knock Off|[of] p1a: Tornadus\n|move|p2a: Ferrothorn|Leech Seed|p1a: Tornadus|[miss]\n|-miss|p2a: Ferrothorn|p1a: Tornadus\n|\n|-weather|none\n|upkeep\n|turn|15\n|\n|t:|1660533259\n|move|p1a: Tornadus|Defog|p2a: Ferrothorn\n|-unboost|p2a: Ferrothorn|evasion|1\n|-sideend|p2: yhdrslb|Stealth Rock|[from] move: Defog|[of] p1a: Tornadus\n|-sideend|p1: LT93OQ cervejinha|Spikes|[from] move: Defog|[of] p1a: Tornadus\n|-sideend|p1: LT93OQ cervejinha|Stealth Rock|[from] move: Defog|[of] p1a: Tornadus\n|-fieldend|move: Electric Terrain\n|move|p2a: Ferrothorn|Leech Seed|p1a: Tornadus|[miss]\n|-miss|p2a: Ferrothorn|p1a: Tornadus\n|\n|upkeep\n|turn|16\n|\n|t:|1660533263\n|move|p1a: Tornadus|Nasty Plot|p1a: Tornadus\n|-boost|p1a: Tornadus|spa|2\n|move|p2a: Ferrothorn|Spikes|p1a: Tornadus\n|-sidestart|p1: LT93OQ cervejinha|Spikes\n|\n|upkeep\n|turn|17\n|\n|t:|1660533269\n|move|p1a: Tornadus|Hurricane|p2a: Ferrothorn\n|-damage|p2a: Ferrothorn|20\/100\n|move|p2a: Ferrothorn|Leech Seed|p1a: Tornadus\n|-start|p1a: Tornadus|move: Leech Seed\n|\n|-damage|p1a: Tornadus|38\/100|[from] Leech Seed|[of] p2a: Ferrothorn\n|-heal|p2a: Ferrothorn|31\/100|[silent]\n|upkeep\n|turn|18\n|\n|t:|1660533274\n|switch|p2a: Tapu Koko|Tapu Koko|82\/100\n|-fieldstart|move: Electric Terrain|[from] ability: Electric Surge|[of] p2a: Tapu Koko\n|move|p1a: Tornadus|Defog|p2a: Tapu Koko\n|-unboost|p2a: Tapu Koko|evasion|1\n|-sideend|p1: LT93OQ cervejinha|Spikes|[from] move: Defog|[of] p1a: Tornadus\n|-fieldend|move: Electric Terrain\n|\n|-damage|p1a: Tornadus|26\/100|[from] Leech Seed|[of] p2a: Tapu Koko\n|-heal|p2a: Tapu Koko|95\/100|[silent]\n|upkeep\n|turn|19\n|\n|t:|1660533283\n|move|p2a: Tapu Koko|U-turn|p1a: Tornadus\n|-resisted|p1a: Tornadus\n|-damage|p1a: Tornadus|15\/100\n|\n|t:|1660533286\n|switch|p2a: Garchomp|Garchomp, F|75\/100|[from]move: U-turn\n|move|p1a: Tornadus|Hurricane|p2a: Garchomp\n|-damage|p2a: Garchomp|0 fnt\n|faint|p2a: Garchomp\n|\n|upkeep\n|\n|t:|1660533292\n|switch|p2a: Regieleki|Regieleki|100\/100\n|turn|20\n|\n|t:|1660533295\n|move|p2a: Regieleki|Volt Switch|p1a: Tornadus\n|-supereffective|p1a: Tornadus\n|-damage|p1a: Tornadus|0 fnt\n|faint|p1a: Tornadus\n|\n|t:|1660533297\n|switch|p2a: Tapu Koko|Tapu Koko|95\/100|[from]move: Volt Switch\n|-fieldstart|move: Electric Terrain|[from] ability: Electric Surge|[of] p2a: Tapu Koko\n|\n|upkeep\n|\n|t:|1660533300\n|switch|p1a: Clefable|Clefable, M|100\/100\n|turn|21\n|\n|t:|1660533302\n|move|p2a: Tapu Koko|Taunt|p1a: Clefable\n|-start|p1a: Clefable|move: Taunt\n|cant|p1a: Clefable|move: Taunt|Calm Mind\n|\n|upkeep\n|turn|22\n|\n|t:|1660533311\n|switch|p1a: Blissey|Blissey, F|100\/100\n|move|p2a: Tapu Koko|U-turn|p1a: Blissey\n|-damage|p1a: Blissey|87\/100\n|\n|t:|1660533312\n|switch|p2a: Regieleki|Regieleki|100\/100|[from]move: U-turn\n|\n|-heal|p1a: Blissey|93\/100|[from] item: Leftovers\n|upkeep\n|turn|23\n|\n|t:|1660533315\n|move|p2a: Regieleki|Rising Voltage|p1a: Blissey\n|-hint|Rising Voltage's BP doubled on grounded target.\n|-damage|p1a: Blissey|45\/100\n|move|p1a: Blissey|Seismic Toss|p2a: Regieleki\n|-damage|p2a: Regieleki|67\/100\n|\n|-heal|p1a: Blissey|51\/100|[from] item: Leftovers\n|upkeep\n|turn|24\n|\n|t:|1660533321\n|move|p2a: Regieleki|Rising Voltage|p1a: Blissey\n|-hint|Rising Voltage's BP doubled on grounded target.\n|-damage|p1a: Blissey|3\/100\n|move|p1a: Blissey|Soft-Boiled|p1a: Blissey\n|-heal|p1a: Blissey|53\/100\n|\n|-heal|p1a: Blissey|59\/100|[from] item: Leftovers\n|upkeep\n|turn|25\n|\n|t:|1660533326\n|move|p2a: Regieleki|Rising Voltage|p1a: Blissey\n|-hint|Rising Voltage's BP doubled on grounded target.\n|-crit|p1a: Blissey\n|-damage|p1a: Blissey|0 fnt\n|faint|p1a: Blissey\n|\n|upkeep\n|\n|t:|1660533331\n|switch|p1a: Hippowdon|Hippowdon, F|98\/100\n|-weather|Sandstorm|[from] ability: Sand Stream|[of] p1a: Hippowdon\n|turn|26\n|\n|t:|1660533334\n|move|p2a: Regieleki|Volt Switch|p1a: Hippowdon\n|-damage|p1a: Hippowdon|43\/100\n|\n|t:|1660533336\n|switch|p2a: Ferrothorn|Ferrothorn, M|31\/100|[from]move: Volt Switch\n|move|p1a: Hippowdon|Earthquake|p2a: Ferrothorn\n|-damage|p2a: Ferrothorn|0 fnt\n|faint|p2a: Ferrothorn\n|\n|-weather|Sandstorm|[upkeep]\n|upkeep\n|\n|t:|1660533340\n|switch|p2a: Regieleki|Regieleki|67\/100\n|turn|27\n|\n|t:|1660533345\n|switch|p1a: Corviknight|Corviknight, M|100\/100\n|-ability|p1a: Corviknight|Pressure\n|move|p2a: Regieleki|Rising Voltage|p1a: Corviknight\n|-supereffective|p1a: Corviknight\n|-damage|p1a: Corviknight|0 fnt\n|faint|p1a: Corviknight\n|\n|-weather|Sandstorm|[upkeep]\n|-damage|p2a: Regieleki|61\/100|[from] Sandstorm\n|-fieldend|move: Electric Terrain\n|upkeep\n|\n|t:|1660533347\n|switch|p1a: Clefable|Clefable, M|100\/100\n|turn|28\n|\n|t:|1660533353\n|move|p2a: Regieleki|Volt Switch|p1a: Clefable\n|-damage|p1a: Clefable|49\/100\n|\n|t:|1660533355\n|switch|p2a: Tapu Koko|Tapu Koko|95\/100|[from]move: Volt Switch\n|-fieldstart|move: Electric Terrain|[from] ability: Electric Surge|[of] p2a: Tapu Koko\n|move|p1a: Clefable|Calm Mind|p1a: Clefable\n|-boost|p1a: Clefable|spa|1\n|-boost|p1a: Clefable|spd|1\n|\n|-weather|Sandstorm|[upkeep]\n|-damage|p2a: Tapu Koko|89\/100|[from] Sandstorm\n|-damage|p1a: Clefable|43\/100|[from] Sandstorm\n|-heal|p1a: Clefable|49\/100|[from] item: Leftovers\n|upkeep\n|turn|29\n|\n|t:|1660533359\n|move|p2a: Tapu Koko|Taunt|p1a: Clefable\n|-start|p1a: Clefable|move: Taunt\n|move|p1a: Clefable|Moonblast|p2a: Tapu Koko\n|-damage|p2a: Tapu Koko|13\/100\n|-unboost|p2a: Tapu Koko|spa|1\n|\n|-weather|Sandstorm|[upkeep]\n|-damage|p2a: Tapu Koko|7\/100|[from] Sandstorm\n|-damage|p1a: Clefable|43\/100|[from] Sandstorm\n|-heal|p1a: Clefable|49\/100|[from] item: Leftovers\n|upkeep\n|turn|30\n|\n|t:|1660533368\n|move|p2a: Tapu Koko|Thunderbolt|p1a: Clefable\n|-damage|p1a: Clefable|18\/100\n|move|p1a: Clefable|Moonblast|p2a: Tapu Koko\n|-damage|p2a: Tapu Koko|0 fnt\n|faint|p2a: Tapu Koko\n|\n|-weather|none\n|-heal|p1a: Clefable|24\/100|[from] item: Leftovers\n|upkeep\n|\n|t:|1660533372\n|switch|p2a: Regieleki|Regieleki|61\/100\n|turn|31\n|c|\u2606LT93OQ cervejinha|wp\n|c|\u2606yhdrslb|gg\n|\n|t:|1660533383\n|move|p2a: Regieleki|Rising Voltage|p1a: Clefable\n|-hint|Rising Voltage's BP doubled on grounded target.\n|-damage|p1a: Clefable|0 fnt\n|faint|p1a: Clefable\n|\n|upkeep\n|\n|t:|1660533385\n|switch|p1a: Hippowdon|Hippowdon, F|43\/100\n|-weather|Sandstorm|[from] ability: Sand Stream|[of] p1a: Hippowdon\n|turn|32\n|\n|t:|1660533390\n|move|p2a: Regieleki|Rising Voltage|p1a: Hippowdon\n|-hint|Rising Voltage's BP doubled on grounded target.\n|-crit|p1a: Hippowdon\n|-damage|p1a: Hippowdon|0 fnt\n|faint|p1a: Hippowdon\n|\n|win|yhdrslb\n|raw|LT93OQ cervejinha's rating: 1620 &rarr; <strong>1603<\/strong><br \/>(-17 for losing)\n|raw|yhdrslb's rating: 1672 &rarr; <strong>1689<\/strong><br \/>(+17 for winning)\n|l| C h o k a s\n||Ladder isn't responding, score probably updated but might not have (Request timeout).\n|l|\u2606LT93OQ cervejinha\n","uploadtime":1660533530,"views":27,"p1id":"lt93oqcervejinha","p2id":"yhdrslb","formatid":"gen8ou","rating":1603,"private":0,"password":null}