{"id":"gen8ou-1121776190","p1":"N30N3","p2":"serginho1","format":"gen8ou","log":"|j|\u2606N30N3\n|j|\u2606serginho1\n|player|p1|N30N3|170|1857\n|player|p2|serginho1|lusamine-nihilego|1863\n|teamsize|p1|6\n|teamsize|p2|6\n|gametype|singles\n|gen|8\n|tier|[Gen 8] OU\n|rated|\n|html|<div class=\"broadcast-blue\"><strong>OU is currently suspecting Dracovish! For information on how to participate check out the <a href=\"https:\/\/www.smogon.com\/forums\/threads\/3664521\/\">suspect thread<\/a>.<\/strong><\/div>\n|clearpoke\n|poke|p1|Mimikyu, M|\n|poke|p1|Hippowdon, F|\n|poke|p1|Excadrill, F|\n|poke|p1|Tyranitar, F|\n|poke|p1|Kyurem|\n|poke|p1|Ferrothorn, M|\n|poke|p2|Ditto|\n|poke|p2|Salazzle, F|\n|poke|p2|Toxapex, F|\n|poke|p2|Ferrothorn, F|\n|poke|p2|Clefable, M|\n|poke|p2|Hippowdon, F|\n|rule|Sleep Clause Mod: Limit one foe put to sleep\n|rule|Species Clause: Limit one of each Pok\u00e9mon\n|rule|OHKO Clause: OHKO moves are banned\n|rule|Evasion Moves Clause: Evasion moves are banned\n|rule|Endless Battle Clause: Forcing endless battles is banned\n|rule|HP Percentage Mod: HP is shown in percentages\n|rule|Dynamax Clause: You cannot dynamax\n|teampreview\n|inactive|Battle timer is ON: inactive players will automatically lose when time's up. (requested by N30N3)\n|\n|start\n|switch|p1a: Tyranitar|Tyranitar, F|100\/100\n|switch|p2a: Ditto|Ditto|100\/100\n|-weather|Sandstorm|[from] ability: Sand Stream|[of] p1a: Tyranitar\n|-transform|p2a: Ditto|p1a: Tyranitar|[from] ability: Imposter\n|turn|1\n|\n|switch|p1a: Hippowdon|Hippowdon, F|100\/100\n|move|p2a: Ditto|Superpower|p1a: Hippowdon\n|-damage|p1a: Hippowdon|76\/100\n|-unboost|p2a: Ditto|atk|1\n|-unboost|p2a: Ditto|def|1\n|\n|-weather|Sandstorm|[upkeep]\n|upkeep\n|turn|2\n|j| odin77\n|\n|switch|p2a: Hippowdon|Hippowdon, F|100\/100\n|move|p1a: Hippowdon|Stealth Rock|p2a: Hippowdon\n|-sidestart|p2: serginho1|move: Stealth Rock\n|\n|-weather|Sandstorm|[upkeep]\n|upkeep\n|turn|3\n|\n|switch|p1a: Kyurem|Kyurem|100\/100\n|-ability|p1a: Kyurem|Pressure\n|move|p2a: Hippowdon|Stealth Rock|p1a: Kyurem\n|-sidestart|p1: N30N3|move: Stealth Rock\n|\n|-weather|Sandstorm|[upkeep]\n|-damage|p1a: Kyurem|94\/100|[from] Sandstorm\n|upkeep\n|turn|4\n|\n|move|p1a: Kyurem|Freeze-Dry|p2a: Hippowdon\n|-supereffective|p2a: Hippowdon\n|-damage|p2a: Hippowdon|20\/100\n|move|p2a: Hippowdon|Earthquake|p1a: Kyurem\n|-damage|p1a: Kyurem|59\/100\n|\n|-weather|Sandstorm|[upkeep]\n|-damage|p1a: Kyurem|53\/100|[from] Sandstorm\n|-heal|p2a: Hippowdon|27\/100|[from] item: Leftovers\n|upkeep\n|turn|5\n|j| ssrrr\n|inactive|serginho1 has 120 seconds left.\n|\n|switch|p2a: Salazzle|Salazzle, F, shiny|100\/100\n|move|p1a: Kyurem|Freeze-Dry|p2a: Salazzle\n|-resisted|p2a: Salazzle\n|-damage|p2a: Salazzle|43\/100\n|\n|-weather|none\n|upkeep\n|turn|6\n|j| gg its chansey lol\n|inactive|serginho1 has 120 seconds left.\n|\n|switch|p1a: Tyranitar|Tyranitar, F|100\/100\n|-damage|p1a: Tyranitar|88\/100|[from] Stealth Rock\n|-weather|Sandstorm|[from] ability: Sand Stream|[of] p1a: Tyranitar\n|move|p2a: Salazzle|Toxic|p1a: Tyranitar\n|-status|p1a: Tyranitar|tox\n|\n|-weather|Sandstorm|[upkeep]\n|-damage|p2a: Salazzle|37\/100|[from] Sandstorm\n|-damage|p1a: Tyranitar|82\/100 tox|[from] psn\n|upkeep\n|turn|7\n|inactive|serginho1 has 120 seconds left.\n|\n|switch|p2a: Toxapex|Toxapex, F, shiny|100\/100\n|-damage|p2a: Toxapex|88\/100|[from] Stealth Rock\n|move|p1a: Tyranitar|Superpower|p2a: Toxapex\n|-resisted|p2a: Toxapex\n|-damage|p2a: Toxapex|68\/100\n|-unboost|p1a: Tyranitar|atk|1\n|-unboost|p1a: Tyranitar|def|1\n|\n|-weather|Sandstorm|[upkeep]\n|-damage|p2a: Toxapex|61\/100|[from] Sandstorm\n|-heal|p2a: Toxapex|68\/100|[from] item: Black Sludge\n|-damage|p1a: Tyranitar|70\/100 tox|[from] psn\n|upkeep\n|turn|8\n|\n|switch|p1a: Ferrothorn|Ferrothorn, M|100\/100\n|-damage|p1a: Ferrothorn|94\/100|[from] Stealth Rock\n|move|p2a: Toxapex|Recover|p2a: Toxapex\n|-heal|p2a: Toxapex|100\/100\n|\n|-weather|Sandstorm|[upkeep]\n|-damage|p2a: Toxapex|94\/100|[from] Sandstorm\n|-heal|p2a: Toxapex|100\/100|[from] item: Black Sludge\n|-heal|p1a: Ferrothorn|100\/100|[from] item: Leftovers\n|upkeep\n|turn|9\n|\n|switch|p2a: Ferrothorn|Ferrothorn, F, shiny|100\/100\n|-damage|p2a: Ferrothorn|94\/100|[from] Stealth Rock\n|move|p1a: Ferrothorn|Spikes|p2a: Ferrothorn\n|-sidestart|p2: serginho1|Spikes\n|\n|-weather|Sandstorm|[upkeep]\n|-heal|p2a: Ferrothorn|100\/100|[from] item: Leftovers\n|upkeep\n|turn|10\n|\n|move|p2a: Ferrothorn|Iron Defense|p2a: Ferrothorn\n|-boost|p2a: Ferrothorn|def|2\n|move|p1a: Ferrothorn|Knock Off|p2a: Ferrothorn\n|-damage|p2a: Ferrothorn|94\/100\n|-damage|p1a: Ferrothorn|88\/100|[from] ability: Iron Barbs|[of] p2a: Ferrothorn\n|-enditem|p2a: Ferrothorn|Leftovers|[from] move: Knock Off|[of] p1a: Ferrothorn\n|\n|-weather|none\n|-heal|p1a: Ferrothorn|94\/100|[from] item: Leftovers\n|upkeep\n|turn|11\n|\n|move|p2a: Ferrothorn|Iron Defense|p2a: Ferrothorn\n|-boost|p2a: Ferrothorn|def|2\n|move|p1a: Ferrothorn|Spikes|p2a: Ferrothorn\n|-sidestart|p2: serginho1|Spikes\n|\n|-heal|p1a: Ferrothorn|100\/100|[from] item: Leftovers\n|upkeep\n|turn|12\n|\n|switch|p1a: Mimikyu|Mimikyu, M|100\/100\n|-damage|p1a: Mimikyu|88\/100|[from] Stealth Rock\n|move|p2a: Ferrothorn|Iron Defense|p2a: Ferrothorn\n|-boost|p2a: Ferrothorn|def|2\n|\n|upkeep\n|turn|13\n|\n|switch|p1a: Ferrothorn|Ferrothorn, M|100\/100\n|-damage|p1a: Ferrothorn|94\/100|[from] Stealth Rock\n|move|p2a: Ferrothorn|Leech Seed|p1a: Ferrothorn\n|-immune|p1a: Ferrothorn\n|\n|-heal|p1a: Ferrothorn|100\/100|[from] item: Leftovers\n|upkeep\n|turn|14\n|\n|switch|p1a: Mimikyu|Mimikyu, M|88\/100\n|-damage|p1a: Mimikyu|76\/100|[from] Stealth Rock\n|move|p2a: Ferrothorn|Body Press|p1a: Mimikyu\n|-immune|p1a: Mimikyu\n|\n|upkeep\n|turn|15\n|j| NEW YOUNG CITY\n|\n|switch|p1a: Ferrothorn|Ferrothorn, M|100\/100\n|-damage|p1a: Ferrothorn|94\/100|[from] Stealth Rock\n|move|p2a: Ferrothorn|Leech Seed|p1a: Ferrothorn\n|-immune|p1a: Ferrothorn\n|\n|-heal|p1a: Ferrothorn|100\/100|[from] item: Leftovers\n|upkeep\n|turn|16\n|\n|move|p2a: Ferrothorn|Body Press|p1a: Ferrothorn\n|-supereffective|p1a: Ferrothorn\n|-damage|p1a: Ferrothorn|0 fnt\n|-damage|p2a: Ferrothorn|82\/100|[from] ability: Iron Barbs|[of] p1a: Ferrothorn\n|faint|p1a: Ferrothorn\n|\n|upkeep\n|\n|switch|p1a: Kyurem|Kyurem|53\/100\n|-damage|p1a: Kyurem|28\/100|[from] Stealth Rock\n|-ability|p1a: Kyurem|Pressure\n|turn|17\n|\n|move|p1a: Kyurem|Ice Beam|p2a: Ferrothorn\n|-damage|p2a: Ferrothorn|14\/100\n|move|p2a: Ferrothorn|Body Press|p1a: Kyurem\n|-supereffective|p1a: Kyurem\n|-damage|p1a: Kyurem|0 fnt\n|faint|p1a: Kyurem\n|\n|upkeep\n|\n|switch|p1a: Tyranitar|Tyranitar, F|70\/100 tox\n|-damage|p1a: Tyranitar|58\/100 tox|[from] Stealth Rock\n|-weather|Sandstorm|[from] ability: Sand Stream|[of] p1a: Tyranitar\n|turn|18\n|\n|move|p1a: Tyranitar|Superpower|p2a: Ferrothorn\n|-supereffective|p2a: Ferrothorn\n|-damage|p2a: Ferrothorn|0 fnt\n|-unboost|p1a: Tyranitar|atk|1\n|-unboost|p1a: Tyranitar|def|1\n|-damage|p1a: Tyranitar|45\/100 tox|[from] ability: Iron Barbs|[of] p2a: Ferrothorn\n|faint|p2a: Ferrothorn\n|\n|-weather|Sandstorm|[upkeep]\n|-damage|p1a: Tyranitar|39\/100 tox|[from] psn\n|upkeep\n|\n|switch|p2a: Toxapex|Toxapex, F, shiny|100\/100\n|-damage|p2a: Toxapex|88\/100|[from] Stealth Rock\n|-damage|p2a: Toxapex|72\/100|[from] Spikes\n|turn|19\n|\n|move|p1a: Tyranitar|Superpower|p2a: Toxapex\n|-resisted|p2a: Toxapex\n|-crit|p2a: Toxapex\n|-damage|p2a: Toxapex|43\/100\n|-unboost|p1a: Tyranitar|atk|1\n|-unboost|p1a: Tyranitar|def|1\n|move|p2a: Toxapex|Scald|p1a: Tyranitar\n|-supereffective|p1a: Tyranitar\n|-damage|p1a: Tyranitar|15\/100 tox\n|\n|-weather|Sandstorm|[upkeep]\n|-damage|p2a: Toxapex|37\/100|[from] Sandstorm\n|-heal|p2a: Toxapex|43\/100|[from] item: Black Sludge\n|-damage|p1a: Tyranitar|3\/100 tox|[from] psn\n|upkeep\n|turn|20\n|\n|move|p1a: Tyranitar|Superpower|p2a: Toxapex\n|-resisted|p2a: Toxapex\n|-damage|p2a: Toxapex|33\/100\n|-unboost|p1a: Tyranitar|atk|1\n|-unboost|p1a: Tyranitar|def|1\n|move|p2a: Toxapex|Recover|p2a: Toxapex\n|-heal|p2a: Toxapex|83\/100\n|\n|-weather|Sandstorm|[upkeep]\n|-damage|p2a: Toxapex|77\/100|[from] Sandstorm\n|-heal|p2a: Toxapex|83\/100|[from] item: Black Sludge\n|-damage|p1a: Tyranitar|0 fnt|[from] psn\n|faint|p1a: Tyranitar\n|upkeep\n|\n|switch|p1a: Excadrill|Excadrill, F|100\/100\n|-damage|p1a: Excadrill|97\/100|[from] Stealth Rock\n|turn|21\n|\n|switch|p2a: Hippowdon|Hippowdon, F|27\/100\n|-damage|p2a: Hippowdon|10\/100|[from] Spikes\n|-damage|p2a: Hippowdon|4\/100|[from] Stealth Rock\n|move|p1a: Excadrill|Earthquake|p2a: Hippowdon\n|-crit|p2a: Hippowdon\n|-damage|p2a: Hippowdon|0 fnt\n|-damage|p1a: Excadrill|87\/100|[from] item: Life Orb\n|faint|p2a: Hippowdon\n|\n|-weather|Sandstorm|[upkeep]\n|upkeep\n|\n|switch|p2a: Ditto|Ditto|100\/100\n|-damage|p2a: Ditto|84\/100|[from] Spikes\n|-damage|p2a: Ditto|72\/100|[from] Stealth Rock\n|-transform|p2a: Ditto|p1a: Excadrill|[from] ability: Imposter\n|turn|22\n|\n|switch|p1a: Hippowdon|Hippowdon, F|76\/100\n|-damage|p1a: Hippowdon|70\/100|[from] Stealth Rock\n|move|p2a: Ditto|Earthquake|p1a: Hippowdon\n|-damage|p1a: Hippowdon|38\/100\n|\n|-weather|none\n|upkeep\n|turn|23\n|\n|move|p2a: Ditto|Earthquake|p1a: Hippowdon\n|-damage|p1a: Hippowdon|8\/100\n|move|p1a: Hippowdon|Slack Off|p1a: Hippowdon\n|-heal|p1a: Hippowdon|58\/100\n|\n|upkeep\n|turn|24\n|\n|switch|p2a: Clefable|Clefable, M, shiny|100\/100\n|move|p1a: Hippowdon|Slack Off|p1a: Hippowdon\n|-heal|p1a: Hippowdon|100\/100\n|\n|upkeep\n|turn|25\n|\n|switch|p1a: Excadrill|Excadrill, F|87\/100\n|-damage|p1a: Excadrill|84\/100|[from] Stealth Rock\n|move|p2a: Clefable|Moonblast|p1a: Excadrill\n|-resisted|p1a: Excadrill\n|-damage|p1a: Excadrill|47\/100\n|\n|upkeep\n|turn|26\n|\n|move|p1a: Excadrill|Iron Head|p2a: Clefable\n|-supereffective|p2a: Clefable\n|-damage|p2a: Clefable|0 fnt\n|-damage|p1a: Excadrill|37\/100|[from] item: Life Orb\n|faint|p2a: Clefable\n|\n|upkeep\n|\n|switch|p2a: Salazzle|Salazzle, F, shiny|37\/100\n|turn|27\n|\n|switch|p1a: Hippowdon|Hippowdon, F|100\/100\n|-damage|p1a: Hippowdon|94\/100|[from] Stealth Rock\n|-weather|Sandstorm|[from] ability: Sand Stream|[of] p1a: Hippowdon\n|move|p2a: Salazzle|Flamethrower|p1a: Hippowdon\n|-damage|p1a: Hippowdon|51\/100\n|\n|-weather|Sandstorm|[upkeep]\n|-damage|p2a: Salazzle|31\/100|[from] Sandstorm\n|upkeep\n|turn|28\n|\n|move|p2a: Salazzle|Flamethrower|p1a: Hippowdon\n|-damage|p1a: Hippowdon|3\/100\n|move|p1a: Hippowdon|Slack Off|p1a: Hippowdon\n|-heal|p1a: Hippowdon|53\/100\n|\n|-weather|Sandstorm|[upkeep]\n|-damage|p2a: Salazzle|25\/100|[from] Sandstorm\n|upkeep\n|turn|29\n|\n|switch|p1a: Mimikyu|Mimikyu, M|76\/100\n|-damage|p1a: Mimikyu|63\/100|[from] Stealth Rock\n|move|p2a: Salazzle|Flamethrower|p1a: Mimikyu\n|-activate|p1a: Mimikyu|ability: Disguise\n|-damage|p1a: Mimikyu|63\/100\n|detailschange|p1a: Mimikyu|Mimikyu-Busted, M\n|-damage|p1a: Mimikyu|51\/100|[from] pokemon: Mimikyu-Busted\n|\n|-weather|Sandstorm|[upkeep]\n|-damage|p2a: Salazzle|19\/100|[from] Sandstorm\n|-damage|p1a: Mimikyu|45\/100|[from] Sandstorm\n|upkeep\n|turn|30\n|\n|switch|p2a: Toxapex|Toxapex, F, shiny|100\/100\n|-damage|p2a: Toxapex|88\/100|[from] Stealth Rock\n|-damage|p2a: Toxapex|72\/100|[from] Spikes\n|move|p1a: Mimikyu|Shadow Sneak|p2a: Toxapex\n|-damage|p2a: Toxapex|57\/100\n|-damage|p1a: Mimikyu|35\/100|[from] item: Life Orb\n|\n|-weather|Sandstorm|[upkeep]\n|-damage|p1a: Mimikyu|29\/100|[from] Sandstorm\n|-damage|p2a: Toxapex|51\/100|[from] Sandstorm\n|-heal|p2a: Toxapex|57\/100|[from] item: Black Sludge\n|upkeep\n|turn|31\n|\n|switch|p1a: Hippowdon|Hippowdon, F|53\/100\n|-damage|p1a: Hippowdon|46\/100|[from] Stealth Rock\n|move|p2a: Toxapex|Recover|p2a: Toxapex\n|-heal|p2a: Toxapex|100\/100\n|\n|-weather|Sandstorm|[upkeep]\n|-damage|p2a: Toxapex|94\/100|[from] Sandstorm\n|-heal|p2a: Toxapex|100\/100|[from] item: Black Sludge\n|upkeep\n|turn|32\n|\n|move|p1a: Hippowdon|Slack Off|p1a: Hippowdon\n|-heal|p1a: Hippowdon|96\/100\n|move|p2a: Toxapex|Scald|p1a: Hippowdon\n|-supereffective|p1a: Hippowdon\n|-damage|p1a: Hippowdon|66\/100\n|\n|-weather|Sandstorm|[upkeep]\n|-damage|p2a: Toxapex|94\/100|[from] Sandstorm\n|-heal|p2a: Toxapex|100\/100|[from] item: Black Sludge\n|upkeep\n|turn|33\n|\n|switch|p1a: Mimikyu|Mimikyu-Busted, M|29\/100\n|-damage|p1a: Mimikyu|17\/100|[from] Stealth Rock\n|move|p2a: Toxapex|Scald|p1a: Mimikyu\n|-damage|p1a: Mimikyu|0 fnt\n|faint|p1a: Mimikyu\n|\n|-weather|Sandstorm|[upkeep]\n|-damage|p2a: Toxapex|94\/100|[from] Sandstorm\n|-heal|p2a: Toxapex|100\/100|[from] item: Black Sludge\n|upkeep\n|\n|switch|p1a: Excadrill|Excadrill, F|37\/100\n|-damage|p1a: Excadrill|34\/100|[from] Stealth Rock\n|turn|34\n|\n|move|p1a: Excadrill|Earthquake|p2a: Toxapex\n|-supereffective|p2a: Toxapex\n|-damage|p2a: Toxapex|15\/100\n|-damage|p1a: Excadrill|24\/100|[from] item: Life Orb\n|move|p2a: Toxapex|Scald|p1a: Excadrill\n|-supereffective|p1a: Excadrill\n|-damage|p1a: Excadrill|0 fnt\n|faint|p1a: Excadrill\n|\n|-weather|none\n|-heal|p2a: Toxapex|21\/100|[from] item: Black Sludge\n|upkeep\n|\n|switch|p1a: Hippowdon|Hippowdon, F|66\/100\n|-damage|p1a: Hippowdon|60\/100|[from] Stealth Rock\n|-weather|Sandstorm|[from] ability: Sand Stream|[of] p1a: Hippowdon\n|turn|35\n|\n|move|p2a: Toxapex|Baneful Bunker|p2a: Toxapex\n|-singleturn|p2a: Toxapex|move: Protect\n|move|p1a: Hippowdon|Earthquake|p2a: Toxapex\n|-activate|p2a: Toxapex|move: Protect\n|\n|-weather|Sandstorm|[upkeep]\n|-damage|p2a: Toxapex|15\/100|[from] Sandstorm\n|-heal|p2a: Toxapex|21\/100|[from] item: Black Sludge\n|upkeep\n|turn|36\n|inactive|serginho1 has 120 seconds left.\n|l| odin77\n|inactive|serginho1 has 90 seconds left.\n|\n|switch|p2a: Ditto|Ditto|72\/100\n|-damage|p2a: Ditto|55\/100|[from] Spikes\n|-damage|p2a: Ditto|43\/100|[from] Stealth Rock\n|-transform|p2a: Ditto|p1a: Hippowdon|[from] ability: Imposter\n|move|p1a: Hippowdon|Earthquake|p2a: Ditto\n|-damage|p2a: Ditto|15\/100\n|\n|-weather|Sandstorm|[upkeep]\n|upkeep\n|turn|37\n|inactive|serginho1 has 90 seconds left.\n|j| odin77\n|\n|move|p2a: Ditto|Slack Off|p2a: Ditto\n|-heal|p2a: Ditto|65\/100\n|move|p1a: Hippowdon|Slack Off|p1a: Hippowdon\n|-heal|p1a: Hippowdon|100\/100\n|\n|-weather|Sandstorm|[upkeep]\n|upkeep\n|turn|38\n|inactive|serginho1 has 60 seconds left.\n|\n|move|p2a: Ditto|Slack Off|p2a: Ditto\n|-heal|p2a: Ditto|100\/100\n|move|p1a: Hippowdon|Stealth Rock||[still]\n|-fail|p1a: Hippowdon\n|\n|-weather|Sandstorm|[upkeep]\n|upkeep\n|turn|39\n|j| kadasan\n|\n|move|p2a: Ditto|Slack Off||[still]\n|-fail|p2a: Ditto|heal\n|move|p1a: Hippowdon|Earthquake|p2a: Ditto\n|-damage|p2a: Ditto|71\/100\n|\n|-weather|Sandstorm|[upkeep]\n|upkeep\n|turn|40\n|\n|move|p2a: Ditto|Slack Off|p2a: Ditto\n|-heal|p2a: Ditto|100\/100\n|move|p1a: Hippowdon|Earthquake|p2a: Ditto\n|-damage|p2a: Ditto|73\/100\n|\n|-weather|Sandstorm|[upkeep]\n|upkeep\n|turn|41\n|inactive|serginho1 has 60 seconds left.\n|\n|switch|p2a: Toxapex|Toxapex, F, shiny|54\/100\n|-damage|p2a: Toxapex|38\/100|[from] Spikes\n|-damage|p2a: Toxapex|25\/100|[from] Stealth Rock\n|move|p1a: Hippowdon|Earthquake|p2a: Toxapex\n|-supereffective|p2a: Toxapex\n|-damage|p2a: Toxapex|0 fnt\n|faint|p2a: Toxapex\n|\n|-weather|Sandstorm|[upkeep]\n|upkeep\n|\n|switch|p2a: Salazzle|Salazzle, F, shiny|19\/100\n|turn|42\n|\n|move|p2a: Salazzle|Toxic|p1a: Hippowdon\n|-status|p1a: Hippowdon|tox\n|move|p1a: Hippowdon|Earthquake|p2a: Salazzle\n|-supereffective|p2a: Salazzle\n|-damage|p2a: Salazzle|0 fnt\n|faint|p2a: Salazzle\n|\n|-weather|none\n|-damage|p1a: Hippowdon|94\/100 tox|[from] psn\n|upkeep\n|\n|switch|p2a: Ditto|Ditto|73\/100\n|-damage|p2a: Ditto|57\/100|[from] Spikes\n|-damage|p2a: Ditto|45\/100|[from] Stealth Rock\n|-transform|p2a: Ditto|p1a: Hippowdon|[from] ability: Imposter\n|-weather|Sandstorm|[from] ability: Sand Stream|[of] p2a: Ditto\n|turn|43\n|\n|move|p2a: Ditto|Slack Off|p2a: Ditto\n|-heal|p2a: Ditto|95\/100\n|move|p1a: Hippowdon|Earthquake|p2a: Ditto\n|-damage|p2a: Ditto|66\/100\n|\n|-weather|Sandstorm|[upkeep]\n|-damage|p1a: Hippowdon|82\/100 tox|[from] psn\n|upkeep\n|turn|44\n|\n|move|p2a: Ditto|Slack Off|p2a: Ditto\n|-heal|p2a: Ditto|100\/100\n|move|p1a: Hippowdon|Earthquake|p2a: Ditto\n|-damage|p2a: Ditto|74\/100\n|\n|-weather|Sandstorm|[upkeep]\n|-damage|p1a: Hippowdon|63\/100 tox|[from] psn\n|upkeep\n|turn|45\n|\n|move|p2a: Ditto|Slack Off|p2a: Ditto\n|-heal|p2a: Ditto|100\/100\n|move|p1a: Hippowdon|Slack Off|p1a: Hippowdon\n|-heal|p1a: Hippowdon|100\/100 tox\n|\n|-weather|Sandstorm|[upkeep]\n|-damage|p1a: Hippowdon|76\/100 tox|[from] psn\n|upkeep\n|turn|46\n|\n|move|p2a: Ditto|Slack Off||[still]\n|-fail|p2a: Ditto|heal\n|move|p1a: Hippowdon|Slack Off|p1a: Hippowdon\n|-heal|p1a: Hippowdon|100\/100 tox\n|\n|-weather|Sandstorm|[upkeep]\n|-damage|p1a: Hippowdon|70\/100 tox|[from] psn\n|upkeep\n|turn|47\n|\n|move|p2a: Ditto|Slack Off||[still]\n|-fail|p2a: Ditto|heal\n|move|p1a: Hippowdon|Slack Off|p1a: Hippowdon\n|-heal|p1a: Hippowdon|100\/100 tox\n|\n|-weather|none\n|-damage|p1a: Hippowdon|63\/100 tox|[from] psn\n|upkeep\n|turn|48\n|c| gg its chansey lol|what a good battle\n|\n|-activate|p2a: Ditto|move: Struggle\n|move|p2a: Ditto|Struggle|p1a: Hippowdon\n|-damage|p1a: Hippowdon|56\/100 tox\n|-damage|p2a: Ditto|75\/100|[from] recoil\n|move|p1a: Hippowdon|Slack Off|p1a: Hippowdon\n|-heal|p1a: Hippowdon|100\/100 tox\n|\n|-damage|p1a: Hippowdon|57\/100 tox|[from] psn\n|upkeep\n|turn|49\n|j| phys2000\n|inactive|serginho1 has 90 seconds left.\n|\n|-activate|p2a: Ditto|move: Struggle\n|move|p2a: Ditto|Struggle|p1a: Hippowdon\n|-damage|p1a: Hippowdon|50\/100 tox\n|-damage|p2a: Ditto|50\/100|[from] recoil\n|move|p1a: Hippowdon|Slack Off|p1a: Hippowdon\n|-heal|p1a: Hippowdon|99\/100 tox\n|\n|-damage|p1a: Hippowdon|51\/100 tox|[from] psn\n|upkeep\n|turn|50\n|inactive|serginho1 has 90 seconds left.\n|\n|-activate|p2a: Ditto|move: Struggle\n|move|p2a: Ditto|Struggle|p1a: Hippowdon\n|-damage|p1a: Hippowdon|43\/100 tox\n|-damage|p2a: Ditto|25\/100|[from] recoil\n|move|p1a: Hippowdon|Slack Off|p1a: Hippowdon\n|-heal|p1a: Hippowdon|93\/100 tox\n|\n|-damage|p1a: Hippowdon|38\/100 tox|[from] psn\n|upkeep\n|turn|51\n|\n|-activate|p2a: Ditto|move: Struggle\n|move|p2a: Ditto|Struggle|p1a: Hippowdon\n|-damage|p1a: Hippowdon|31\/100 tox\n|-damage|p2a: Ditto|0 fnt|[from] recoil\n|faint|p2a: Ditto\n|\n|win|N30N3\n","uploadtime":1590528066,"views":56,"p1id":"n30n3","p2id":"serginho1","formatid":"gen8ou","rating":0,"private":0,"password":null}