{"id":"gen8ou-1696845701","p1":"george malone","p2":"PepeThunder","format":"gen8ou","log":"|html|<div class=\"broadcast-blue\"><strong>[Gen 8] OU is currently suspecting Melmetal! For information on how to participate check out the <a href=\"https:\/\/www.smogon.com\/forums\/threads\/np-ss-ou-suspect-process-round-12-monster-mash.3709234\/\">suspect thread<\/a>.<\/strong><\/div>\n|j|\u2606george malone\n|j|\u2606PepeThunder\n|t:|1666938446\n|gametype|singles\n|player|p1|george malone|101|1851\n|player|p2|PepeThunder|170|1675\n|teamsize|p1|6\n|teamsize|p2|6\n|gen|8\n|tier|[Gen 8] OU\n|rated|\n|rule|Sleep Clause Mod: Limit one foe put to sleep\n|rule|Species Clause: Limit one of each Pok\u00e9mon\n|rule|OHKO Clause: OHKO moves are banned\n|rule|Evasion Items Clause: Evasion items are banned\n|rule|Evasion Moves Clause: Evasion moves are banned\n|rule|Endless Battle Clause: Forcing endless battles is banned\n|rule|HP Percentage Mod: HP is shown in percentages\n|rule|Dynamax Clause: You cannot dynamax\n|clearpoke\n|poke|p1|Mew|\n|poke|p1|Ninetales-Alola, F|\n|poke|p1|Weavile, F|\n|poke|p1|Garchomp, M|\n|poke|p1|Volcarona, F|\n|poke|p1|Cloyster, F|\n|poke|p2|Pelipper, M|\n|poke|p2|Urshifu-*, M|\n|poke|p2|Melmetal|\n|poke|p2|Rillaboom, F|\n|poke|p2|Weavile, F|\n|poke|p2|Excadrill, M|\n|teampreview\n|inactive|Battle timer is ON: inactive players will automatically lose when time's up. (requested by george malone)\n|\n|t:|1666938485\n|start\n|switch|p1a: Mew|Mew|100\/100\n|switch|p2a: Excadrill|Excadrill, M|100\/100\n|-ability|p2a: Excadrill|Mold Breaker\n|turn|1\n|\n|t:|1666938494\n|move|p1a: Mew|Will-O-Wisp|p2a: Excadrill\n|-status|p2a: Excadrill|brn\n|move|p2a: Excadrill|Rapid Spin|p1a: Mew\n|-damage|p1a: Mew|92\/100\n|-boost|p2a: Excadrill|spe|1\n|\n|-damage|p2a: Excadrill|94\/100 brn|[from] brn\n|upkeep\n|turn|2\n|\n|t:|1666938501\n|move|p2a: Excadrill|Stealth Rock|p1a: Mew\n|-sidestart|p1: george malone|move: Stealth Rock\n|move|p1a: Mew|Stealth Rock|p2a: Excadrill\n|-sidestart|p2: PepeThunder|move: Stealth Rock\n|\n|-damage|p2a: Excadrill|88\/100 brn|[from] brn\n|upkeep\n|turn|3\n|\n|t:|1666938505\n|move|p2a: Excadrill|Toxic||[still]\n|-status|p1a: Mew|tox\n|-activate|p1a: Mew|ability: Synchronize\n|-fail|p1a: Mew\n|move|p1a: Mew|Spikes|p2a: Excadrill\n|-sidestart|p2: PepeThunder|Spikes\n|\n|-damage|p1a: Mew|86\/100 tox|[from] psn\n|-damage|p2a: Excadrill|82\/100 brn|[from] brn\n|upkeep\n|turn|4\n|inactive|george malone has 120 seconds left.\n|j| Ucdcwg\n|\n|t:|1666938550\n|move|p2a: Excadrill|Rapid Spin|p1a: Mew\n|-damage|p1a: Mew|78\/100 tox\n|-boost|p2a: Excadrill|spe|1\n|-sideend|p2: PepeThunder|Spikes|[from] move: Rapid Spin|[of] p2a: Excadrill\n|-sideend|p2: PepeThunder|Stealth Rock|[from] move: Rapid Spin|[of] p2a: Excadrill\n|move|p1a: Mew|Spikes|p2a: Excadrill\n|-sidestart|p2: PepeThunder|Spikes\n|\n|-damage|p1a: Mew|66\/100 tox|[from] psn\n|-damage|p2a: Excadrill|76\/100 brn|[from] brn\n|upkeep\n|turn|5\n|\n|t:|1666938565\n|move|p2a: Excadrill|Rapid Spin|p1a: Mew\n|-damage|p1a: Mew|58\/100 tox\n|-boost|p2a: Excadrill|spe|1\n|-sideend|p2: PepeThunder|Spikes|[from] move: Rapid Spin|[of] p2a: Excadrill\n|move|p1a: Mew|Spikes|p2a: Excadrill\n|-sidestart|p2: PepeThunder|Spikes\n|\n|-damage|p1a: Mew|39\/100 tox|[from] psn\n|-damage|p2a: Excadrill|70\/100 brn|[from] brn\n|upkeep\n|turn|6\n|inactive|george malone has 120 seconds left.\n|\n|t:|1666938582\n|move|p2a: Excadrill|Rapid Spin|p1a: Mew\n|-damage|p1a: Mew|31\/100 tox\n|-boost|p2a: Excadrill|spe|1\n|-sideend|p2: PepeThunder|Spikes|[from] move: Rapid Spin|[of] p2a: Excadrill\n|move|p1a: Mew|Spikes|p2a: Excadrill\n|-sidestart|p2: PepeThunder|Spikes\n|\n|-damage|p1a: Mew|6\/100 tox|[from] psn\n|-damage|p2a: Excadrill|64\/100 brn|[from] brn\n|upkeep\n|turn|7\n|\n|t:|1666938590\n|move|p2a: Excadrill|Rapid Spin|p1a: Mew\n|-damage|p1a: Mew|0 fnt\n|-boost|p2a: Excadrill|spe|1\n|-sideend|p2: PepeThunder|Spikes|[from] move: Rapid Spin|[of] p2a: Excadrill\n|faint|p1a: Mew\n|\n|-damage|p2a: Excadrill|58\/100 brn|[from] brn\n|upkeep\n|\n|t:|1666938596\n|switch|p1a: Cloyster|Cloyster, F, shiny|100\/100\n|-damage|p1a: Cloyster|76\/100|[from] Stealth Rock\n|turn|8\n|\n|t:|1666938599\n|move|p2a: Excadrill|Toxic|p1a: Cloyster\n|-status|p1a: Cloyster|tox\n|move|p1a: Cloyster|Shell Smash|p1a: Cloyster\n|-unboost|p1a: Cloyster|def|1\n|-unboost|p1a: Cloyster|spd|1\n|-boost|p1a: Cloyster|atk|2\n|-boost|p1a: Cloyster|spa|2\n|-boost|p1a: Cloyster|spe|2\n|\n|-damage|p1a: Cloyster|69\/100 tox|[from] psn\n|-damage|p2a: Excadrill|52\/100 brn|[from] brn\n|upkeep\n|turn|9\n|\n|t:|1666938608\n|move|p2a: Excadrill|Earthquake|p1a: Cloyster\n|-damage|p1a: Cloyster|32\/100 tox\n|move|p1a: Cloyster|Icicle Spear|p2a: Excadrill\n|-damage|p2a: Excadrill|14\/100 brn\n|-damage|p2a: Excadrill|0 fnt\n|faint|p2a: Excadrill\n|-hitcount|p2: Excadrill|2\n|-damage|p1a: Cloyster|22\/100 tox|[from] item: Life Orb\n|\n|-damage|p1a: Cloyster|10\/100 tox|[from] psn\n|upkeep\n|\n|t:|1666938616\n|switch|p2a: Weavile|Weavile, F|100\/100\n|turn|10\n|inactive|george malone has 120 seconds left.\n|\n|t:|1666938643\n|move|p2a: Weavile|Ice Shard|p1a: Cloyster\n|-resisted|p1a: Cloyster\n|-damage|p1a: Cloyster|3\/100 tox\n|move|p1a: Cloyster|Rapid Spin|p2a: Weavile\n|-damage|p2a: Weavile|43\/100\n|-boost|p1a: Cloyster|spe|1\n|-sideend|p1: george malone|Stealth Rock|[from] move: Rapid Spin|[of] p1a: Cloyster\n|-damage|p1a: Cloyster|0 fnt|[from] item: Life Orb\n|faint|p1a: Cloyster\n|\n|upkeep\n|inactive|george malone has 120 seconds left.\n|\n|t:|1666938673\n|switch|p1a: Volcarona|Volcarona, F|100\/100\n|turn|11\n|\n|t:|1666938690\n|move|p2a: Weavile|Knock Off|p1a: Volcarona\n|-damage|p1a: Volcarona|23\/100\n|-enditem|p1a: Volcarona|Leftovers|[from] move: Knock Off|[of] p2a: Weavile\n|move|p1a: Volcarona|Quiver Dance|p1a: Volcarona\n|-boost|p1a: Volcarona|spa|1\n|-boost|p1a: Volcarona|spd|1\n|-boost|p1a: Volcarona|spe|1\n|\n|upkeep\n|turn|12\n|\n|t:|1666938696\n|move|p2a: Weavile|Ice Shard|p1a: Volcarona\n|-resisted|p1a: Volcarona\n|-damage|p1a: Volcarona|7\/100\n|move|p1a: Volcarona|Flamethrower|p2a: Weavile\n|-supereffective|p2a: Weavile\n|-damage|p2a: Weavile|0 fnt\n|faint|p2a: Weavile\n|\n|upkeep\n|\n|t:|1666938698\n|switch|p2a: Urshifu|Urshifu-Rapid-Strike, M|100\/100\n|turn|13\n|\n|t:|1666938702\n|move|p2a: Urshifu|Aqua Jet|p1a: Volcarona\n|-supereffective|p1a: Volcarona\n|-damage|p1a: Volcarona|0 fnt\n|faint|p1a: Volcarona\n|\n|upkeep\n|j| BlackFeather666\n|\n|t:|1666938709\n|switch|p1a: Garchomp|Garchomp, M|100\/100\n|turn|14\n|j| Golem Rising\n|inactive|PepeThunder has 120 seconds left.\n|\n|t:|1666938752\n|switch|p2a: Pelipper|Pelipper, M|100\/100\n|-weather|RainDance|[from] ability: Drizzle|[of] p2a: Pelipper\n|move|p1a: Garchomp|Swords Dance|p1a: Garchomp\n|-boost|p1a: Garchomp|atk|2\n|\n|-weather|RainDance|[upkeep]\n|upkeep\n|turn|15\n|\n|t:|1666938757\n|move|p1a: Garchomp|Scale Shot|p2a: Pelipper\n|-damage|p2a: Pelipper|53\/100\n|-damage|p2a: Pelipper|10\/100\n|-damage|p2a: Pelipper|0 fnt\n|faint|p2a: Pelipper\n|-hitcount|p2: Pelipper|3\n|-unboost|p1a: Garchomp|def|1\n|-boost|p1a: Garchomp|spe|1\n|-damage|p1a: Garchomp|91\/100|[from] item: Life Orb\n|\n|-weather|RainDance|[upkeep]\n|upkeep\n|\n|t:|1666938762\n|switch|p2a: Rillaboom|Rillaboom, F|100\/100\n|-fieldstart|move: Grassy Terrain|[from] ability: Grassy Surge|[of] p2a: Rillaboom\n|turn|16\n|\n|t:|1666938767\n|move|p2a: Rillaboom|Grassy Glide|p1a: Garchomp\n|-damage|p1a: Garchomp|0 fnt\n|-damage|p2a: Rillaboom|88\/100|[from] ability: Rough Skin|[of] p1a: Garchomp\n|faint|p1a: Garchomp\n|\n|-weather|RainDance|[upkeep]\n|-heal|p2a: Rillaboom|94\/100|[from] Grassy Terrain\n|upkeep\n|-message|george malone forfeited.\n|\n|win|PepeThunder\n|raw|george malone's rating: 1851 &rarr; <strong>1822<\/strong><br \/>(-29 for losing)\n|raw|PepeThunder's rating: 1675 &rarr; <strong>1704<\/strong><br \/>(+29 for winning)\n|l|\u2606george malone\n|l| Golem Rising\n|l|\u2606PepeThunder\n|l| Ucdcwg\n","uploadtime":1666938852,"views":7,"p1id":"georgemalone","p2id":"pepethunder","formatid":"gen8ou","rating":1704,"private":0,"password":null}