{"id":"gen8ou-1623460254","p1":"pas agent","p2":"Highv0ltag3","format":"gen8ou","log":"|j|\u2606pas agent\n|j|\u2606Highv0ltag3\n|t:|1658579862\n|gametype|singles\n|player|p1|pas agent|fisherman|1576\n|player|p2|Highv0ltag3|volo|1767\n|teamsize|p1|6\n|teamsize|p2|6\n|gen|8\n|tier|[Gen 8] OU\n|rated|\n|rule|Sleep Clause Mod: Limit one foe put to sleep\n|rule|Species Clause: Limit one of each Pok\u00e9mon\n|rule|OHKO Clause: OHKO moves are banned\n|rule|Evasion Moves Clause: Evasion moves are banned\n|rule|Endless Battle Clause: Forcing endless battles is banned\n|rule|HP Percentage Mod: HP is shown in percentages\n|rule|Dynamax Clause: You cannot dynamax\n|clearpoke\n|poke|p1|Blacephalon|\n|poke|p1|Ferrothorn, F|\n|poke|p1|Weavile, F|\n|poke|p1|Slowking, M|\n|poke|p1|Landorus-Therian, M|\n|poke|p1|Zapdos|\n|poke|p2|Urshifu-*, M|\n|poke|p2|Tapu Koko|\n|poke|p2|Ninetales-Alola, F|\n|poke|p2|Arctozolt|\n|poke|p2|Diggersby, F|\n|poke|p2|Heatran, M|\n|teampreview\n|\n|t:|1658579909\n|start\n|switch|p1a: Zapdos|Zapdos|100\/100\n|switch|p2a: Urshifu|Urshifu-Rapid-Strike, M|100\/100\n|turn|1\n|\n|t:|1658579915\n|switch|p2a: Tapu Koko|Tapu Koko|100\/100\n|-fieldstart|move: Electric Terrain|[from] ability: Electric Surge|[of] p2a: Tapu Koko\n|move|p1a: Zapdos|Volt Switch|p2a: Tapu Koko\n|-resisted|p2a: Tapu Koko\n|-crit|p2a: Tapu Koko\n|-damage|p2a: Tapu Koko|65\/100\n|inactive|Battle timer is ON: inactive players will automatically lose when time's up. (requested by Highv0ltag3)\n|\n|t:|1658579927\n|switch|p1a: Landorus|Landorus-Therian, M|100\/100|[from]move: Volt Switch\n|-ability|p1a: Landorus|Intimidate|boost\n|-unboost|p2a: Tapu Koko|atk|1\n|\n|upkeep\n|turn|2\n|\n|t:|1658579937\n|switch|p2a: Ninetales|Ninetales-Alola, F|100\/100\n|-weather|Hail|[from] ability: Snow Warning|[of] p2a: Ninetales\n|move|p1a: Landorus|Stealth Rock|p2a: Ninetales\n|-sidestart|p2: Highv0ltag3|move: Stealth Rock\n|\n|-weather|Hail|[upkeep]\n|-damage|p1a: Landorus|94\/100|[from] Hail\n|-heal|p1a: Landorus|100\/100|[from] item: Leftovers\n|upkeep\n|turn|3\n|j| AlIoutdragadarts\n|\n|t:|1658579942\n|switch|p2a: Heatran|Heatran, M|100\/100\n|-damage|p2a: Heatran|88\/100|[from] Stealth Rock\n|-item|p2a: Heatran|Air Balloon\n|move|p1a: Landorus|Toxic|p2a: Heatran\n|-immune|p2a: Heatran\n|\n|-weather|Hail|[upkeep]\n|-damage|p2a: Heatran|82\/100|[from] Hail\n|-damage|p1a: Landorus|94\/100|[from] Hail\n|-heal|p1a: Landorus|100\/100|[from] item: Leftovers\n|upkeep\n|turn|4\n|\n|t:|1658579948\n|move|p2a: Heatran|Stealth Rock|p1a: Landorus\n|-sidestart|p1: pas agent|move: Stealth Rock\n|move|p1a: Landorus|U-turn|p2a: Heatran\n|-resisted|p2a: Heatran\n|-damage|p2a: Heatran|77\/100\n|-enditem|p2a: Heatran|Air Balloon\n|\n|t:|1658579956\n|switch|p1a: Blacephalon|Blacephalon|100\/100|[from]move: U-turn\n|-damage|p1a: Blacephalon|76\/100|[from] Stealth Rock\n|\n|-weather|Hail|[upkeep]\n|-damage|p1a: Blacephalon|70\/100|[from] Hail\n|-damage|p2a: Heatran|71\/100|[from] Hail\n|upkeep\n|turn|5\n|\n|t:|1658579963\n|move|p1a: Blacephalon|Overheat|p2a: Heatran\n|-start|p2a: Heatran|ability: Flash Fire\n|move|p2a: Heatran|Earth Power|p1a: Blacephalon\n|-supereffective|p1a: Blacephalon\n|-damage|p1a: Blacephalon|0 fnt\n|faint|p1a: Blacephalon\n|\n|-weather|Hail|[upkeep]\n|-damage|p2a: Heatran|65\/100|[from] Hail\n|-fieldend|move: Electric Terrain\n|upkeep\n|\n|t:|1658579968\n|switch|p1a: Slowking|Slowking, M|100\/100\n|turn|6\n|\n|t:|1658579975\n|-end|p2a: Heatran|ability: Flash Fire|[silent]\n|switch|p2a: Arctozolt|Arctozolt|100\/100\n|-damage|p2a: Arctozolt|76\/100|[from] Stealth Rock\n|move|p1a: Slowking|Teleport|p1a: Slowking\n|\n|t:|1658579981\n|switch|p1a: Ferrothorn|Ferrothorn, F|100\/100|[from]move: Teleport\n|-damage|p1a: Ferrothorn|94\/100|[from] Stealth Rock\n|\n|-weather|none\n|-heal|p1a: Ferrothorn|100\/100|[from] item: Leftovers\n|upkeep\n|turn|7\n|\n|t:|1658579985\n|move|p2a: Arctozolt|Low Kick|p1a: Ferrothorn\n|-supereffective|p1a: Ferrothorn\n|-damage|p1a: Ferrothorn|64\/100\n|-damage|p2a: Arctozolt|63\/100|[from] ability: Iron Barbs|[of] p1a: Ferrothorn\n|-damage|p2a: Arctozolt|53\/100|[from] item: Life Orb\n|move|p1a: Ferrothorn|Knock Off|p2a: Arctozolt\n|-damage|p2a: Arctozolt|29\/100\n|-enditem|p2a: Arctozolt|Life Orb|[from] move: Knock Off|[of] p1a: Ferrothorn\n|\n|-heal|p1a: Ferrothorn|71\/100|[from] item: Leftovers\n|upkeep\n|turn|8\n|\n|t:|1658579994\n|move|p2a: Arctozolt|Blizzard|p1a: Ferrothorn|[miss]\n|-miss|p2a: Arctozolt|p1a: Ferrothorn\n|move|p1a: Ferrothorn|Body Press|p2a: Arctozolt\n|-supereffective|p2a: Arctozolt\n|-damage|p2a: Arctozolt|0 fnt\n|faint|p2a: Arctozolt\n|\n|-heal|p1a: Ferrothorn|77\/100|[from] item: Leftovers\n|upkeep\n|\n|t:|1658580002\n|switch|p2a: Urshifu|Urshifu-Rapid-Strike, M|100\/100\n|-damage|p2a: Urshifu|94\/100|[from] Stealth Rock\n|turn|9\n|\n|t:|1658580005\n|switch|p1a: Zapdos|Zapdos|100\/100\n|move|p2a: Urshifu|Bulk Up|p2a: Urshifu\n|-boost|p2a: Urshifu|atk|1\n|-boost|p2a: Urshifu|def|1\n|\n|upkeep\n|turn|10\n|\n|t:|1658580012\n|switch|p2a: Diggersby|Diggersby, F|100\/100\n|-damage|p2a: Diggersby|94\/100|[from] Stealth Rock\n|move|p1a: Zapdos|Volt Switch|p2a: Diggersby\n|-immune|p2a: Diggersby\n|\n|upkeep\n|turn|11\n|\n|t:|1658580021\n|switch|p1a: Landorus|Landorus-Therian, M|100\/100\n|-damage|p1a: Landorus|88\/100|[from] Stealth Rock\n|-ability|p1a: Landorus|Intimidate|boost\n|-unboost|p2a: Diggersby|atk|1\n|move|p2a: Diggersby|Body Slam|p1a: Landorus\n|-damage|p1a: Landorus|59\/100\n|-damage|p2a: Diggersby|84\/100|[from] item: Life Orb\n|\n|-heal|p1a: Landorus|65\/100|[from] item: Leftovers\n|upkeep\n|turn|12\n|j| zhuzi\n|\n|t:|1658580030\n|move|p2a: Diggersby|Body Slam|p1a: Landorus\n|-damage|p1a: Landorus|34\/100\n|-damage|p2a: Diggersby|75\/100|[from] item: Life Orb\n|move|p1a: Landorus|U-turn|p2a: Diggersby\n|-damage|p2a: Diggersby|46\/100\n|\n|t:|1658580043\n|switch|p1a: Weavile|Weavile, F|100\/100|[from]move: U-turn\n|-ability|p1a: Weavile|Pressure\n|\n|upkeep\n|turn|13\n|\n|t:|1658580047\n|switch|p2a: Urshifu|Urshifu-Rapid-Strike, M|94\/100\n|-damage|p2a: Urshifu|88\/100|[from] Stealth Rock\n|move|p1a: Weavile|Knock Off|p2a: Urshifu\n|-resisted|p2a: Urshifu\n|-damage|p2a: Urshifu|65\/100\n|-enditem|p2a: Urshifu|Life Orb|[from] move: Knock Off|[of] p1a: Weavile\n|\n|upkeep\n|turn|14\n|j| mxxll\n|j| AjiroShinpei\n|\n|t:|1658580058\n|switch|p1a: Zapdos|Zapdos|100\/100\n|move|p2a: Urshifu|Bulk Up|p2a: Urshifu\n|-boost|p2a: Urshifu|atk|1\n|-boost|p2a: Urshifu|def|1\n|\n|upkeep\n|turn|15\n|\n|t:|1658580069\n|move|p2a: Urshifu|Surging Strikes|p1a: Zapdos\n|-crit|p1a: Zapdos\n|-damage|p1a: Zapdos|78\/100\n|-crit|p1a: Zapdos\n|-damage|p1a: Zapdos|57\/100\n|-status|p2a: Urshifu|par|[from] ability: Static|[of] p1a: Zapdos\n|-crit|p1a: Zapdos\n|-damage|p1a: Zapdos|36\/100\n|-hitcount|p1a: Zapdos|3\n|move|p1a: Zapdos|Volt Switch|p2a: Urshifu\n|-supereffective|p2a: Urshifu\n|-damage|p2a: Urshifu|0 fnt\n|faint|p2a: Urshifu\n|j| Lily Jin Morrow\n|\n|t:|1658580076\n|switch|p1a: Weavile|Weavile, F|100\/100|[from]move: Volt Switch\n|-ability|p1a: Weavile|Pressure\n|\n|upkeep\n|l| Lily Jin Morrow\n|\n|t:|1658580079\n|switch|p2a: Tapu Koko|Tapu Koko|65\/100\n|-damage|p2a: Tapu Koko|53\/100|[from] Stealth Rock\n|-fieldstart|move: Electric Terrain|[from] ability: Electric Surge|[of] p2a: Tapu Koko\n|turn|16\n|\n|t:|1658580091\n|switch|p2a: Diggersby|Diggersby, F|46\/100\n|-damage|p2a: Diggersby|40\/100|[from] Stealth Rock\n|switch|p1a: Ferrothorn|Ferrothorn, F|77\/100\n|-damage|p1a: Ferrothorn|71\/100|[from] Stealth Rock\n|\n|-heal|p1a: Ferrothorn|77\/100|[from] item: Leftovers\n|upkeep\n|turn|17\n|\n|t:|1658580096\n|switch|p1a: Landorus|Landorus-Therian, M|34\/100\n|-damage|p1a: Landorus|21\/100|[from] Stealth Rock\n|-ability|p1a: Landorus|Intimidate|boost\n|-unboost|p2a: Diggersby|atk|1\n|move|p2a: Diggersby|Fire Punch|p1a: Landorus\n|-damage|p1a: Landorus|2\/100\n|-damage|p2a: Diggersby|30\/100|[from] item: Life Orb\n|\n|-heal|p1a: Landorus|8\/100|[from] item: Leftovers\n|upkeep\n|turn|18\n|\n|t:|1658580103\n|move|p2a: Diggersby|Fire Punch|p1a: Landorus\n|-damage|p1a: Landorus|0 fnt\n|faint|p1a: Landorus\n|-damage|p2a: Diggersby|20\/100|[from] item: Life Orb\n|\n|upkeep\n|\n|t:|1658580107\n|switch|p1a: Weavile|Weavile, F|100\/100\n|-ability|p1a: Weavile|Pressure\n|turn|19\n|\n|t:|1658580113\n|switch|p2a: Heatran|Heatran, M|65\/100\n|-damage|p2a: Heatran|53\/100|[from] Stealth Rock\n|move|p1a: Weavile|Knock Off|p2a: Heatran\n|-damage|p2a: Heatran|20\/100\n|\n|upkeep\n|turn|20\n|\n|t:|1658580119\n|move|p1a: Weavile|Knock Off|p2a: Heatran\n|-damage|p2a: Heatran|0 fnt\n|faint|p2a: Heatran\n|\n|-fieldend|move: Electric Terrain\n|upkeep\n|\n|t:|1658580122\n|switch|p2a: Tapu Koko|Tapu Koko|53\/100\n|-damage|p2a: Tapu Koko|41\/100|[from] Stealth Rock\n|-fieldstart|move: Electric Terrain|[from] ability: Electric Surge|[of] p2a: Tapu Koko\n|turn|21\n|c| AjiroShinpei|\u8fd9\u4ec0\u4e48\u5206\u6bb5\n|c| AjiroShinpei|\u5c0f\u4e11\u5bf9\u7740\u706b\u94a2\u4e0a\n|inactive|pas agent has 120 seconds left.\n|\n|t:|1658580174\n|move|p2a: Tapu Koko|Thunderbolt|p1a: Weavile\n|-damage|p1a: Weavile|0 fnt\n|faint|p1a: Weavile\n|\n|upkeep\n|\n|t:|1658580177\n|switch|p1a: Ferrothorn|Ferrothorn, F|77\/100\n|-damage|p1a: Ferrothorn|71\/100|[from] Stealth Rock\n|turn|22\n|\n|t:|1658580183\n|switch|p2a: Ninetales|Ninetales-Alola, F|100\/100\n|-damage|p2a: Ninetales|75\/100|[from] Stealth Rock\n|-weather|Hail|[from] ability: Snow Warning|[of] p2a: Ninetales\n|move|p1a: Ferrothorn|Leech Seed|p2a: Ninetales\n|-start|p2a: Ninetales|move: Leech Seed\n|\n|-weather|Hail|[upkeep]\n|-damage|p1a: Ferrothorn|64\/100|[from] Hail\n|-heal|p1a: Ferrothorn|71\/100|[from] item: Leftovers\n|-damage|p2a: Ninetales|63\/100|[from] Leech Seed|[of] p1a: Ferrothorn\n|-heal|p1a: Ferrothorn|81\/100|[silent]\n|upkeep\n|turn|23\n|inactive|pas agent has 120 seconds left.\n|j| Blocx01\n|\n|t:|1658580198\n|move|p2a: Ninetales|Blizzard|p1a: Ferrothorn\n|-damage|p1a: Ferrothorn|47\/100\n|move|p1a: Ferrothorn|Spikes|p2a: Ninetales\n|-sidestart|p2: Highv0ltag3|Spikes\n|\n|-weather|Hail|[upkeep]\n|-damage|p1a: Ferrothorn|40\/100|[from] Hail\n|-heal|p1a: Ferrothorn|47\/100|[from] item: Leftovers\n|-damage|p2a: Ninetales|50\/100|[from] Leech Seed|[of] p1a: Ferrothorn\n|-heal|p1a: Ferrothorn|57\/100|[silent]\n|upkeep\n|turn|24\n|inactive|pas agent has 120 seconds left.\n|l| Blocx01\n|\n|t:|1658580220\n|move|p2a: Ninetales|Blizzard|p1a: Ferrothorn\n|-damage|p1a: Ferrothorn|19\/100\n|move|p1a: Ferrothorn|Spikes|p2a: Ninetales\n|-sidestart|p2: Highv0ltag3|Spikes\n|\n|-weather|Hail|[upkeep]\n|-damage|p1a: Ferrothorn|13\/100|[from] Hail\n|-heal|p1a: Ferrothorn|19\/100|[from] item: Leftovers\n|-damage|p2a: Ninetales|38\/100|[from] Leech Seed|[of] p1a: Ferrothorn\n|-heal|p1a: Ferrothorn|29\/100|[silent]\n|upkeep\n|turn|25\n|\n|t:|1658580228\n|switch|p1a: Slowking|Slowking, M|100\/100\n|move|p2a: Ninetales|Blizzard|p1a: Slowking\n|-resisted|p1a: Slowking\n|-damage|p1a: Slowking|89\/100\n|-status|p1a: Slowking|frz\n|\n|-weather|Hail|[upkeep]\n|-damage|p1a: Slowking|83\/100 frz|[from] Hail\n|-damage|p2a: Ninetales|25\/100|[from] Leech Seed|[of] p1a: Slowking\n|-heal|p1a: Slowking|92\/100 frz|[silent]\n|-fieldend|move: Electric Terrain\n|upkeep\n|turn|26\n|\n|t:|1658580237\n|switch|p2a: Diggersby|Diggersby, F|20\/100\n|-damage|p2a: Diggersby|14\/100|[from] Stealth Rock\n|-damage|p2a: Diggersby|0 fnt|[from] Spikes\n|faint|p2a: Diggersby\n|cant|p1a: Slowking|frz\n|\n|-weather|none\n|upkeep\n|\n|t:|1658580240\n|switch|p2a: Tapu Koko|Tapu Koko|41\/100\n|-damage|p2a: Tapu Koko|28\/100|[from] Stealth Rock\n|-damage|p2a: Tapu Koko|11\/100|[from] Spikes\n|-fieldstart|move: Electric Terrain|[from] ability: Electric Surge|[of] p2a: Tapu Koko\n|turn|27\n|\n|t:|1658580249\n|switch|p1a: Zapdos|Zapdos|36\/100\n|move|p2a: Tapu Koko|Thunderbolt|p1a: Zapdos\n|-damage|p1a: Zapdos|0 fnt\n|faint|p1a: Zapdos\n|\n|upkeep\n|\n|t:|1658580254\n|switch|p1a: Ferrothorn|Ferrothorn, F|29\/100\n|-damage|p1a: Ferrothorn|23\/100|[from] Stealth Rock\n|turn|28\n|\n|t:|1658580258\n|move|p2a: Tapu Koko|Thunderbolt|p1a: Ferrothorn\n|-resisted|p1a: Ferrothorn\n|-damage|p1a: Ferrothorn|0 fnt\n|faint|p1a: Ferrothorn\n|\n|upkeep\n|c|\u2606pas agent|gg\n|\n|t:|1658580265\n|switch|p1a: Slowking|Slowking, M|100\/100 frz\n|turn|29\n|c|\u2606Highv0ltag3|U win\n|c|\u2606Highv0ltag3|U doesn't slowking live\n|\n|t:|1658580277\n|move|p2a: Tapu Koko|Thunderbolt|p1a: Slowking\n|-supereffective|p1a: Slowking\n|-damage|p1a: Slowking|13\/100 frz\n|-curestatus|p1a: Slowking|frz|[from] move: Scald\n|move|p1a: Slowking|Scald|p2a: Tapu Koko\n|-damage|p2a: Tapu Koko|0 fnt\n|faint|p2a: Tapu Koko\n|\n|upkeep\n|c|\u2606Highv0ltag3|Yeah exactly\n|\n|t:|1658580285\n|switch|p2a: Ninetales|Ninetales-Alola, F|25\/100\n|-damage|p2a: Ninetales|0 fnt|[from] Stealth Rock\n|faint|p2a: Ninetales\n|\n|win|pas agent\n|raw|pas agent's rating: 1576 &rarr; <strong>1606<\/strong><br \/>(+30 for winning)\n|raw|Highv0ltag3's rating: 1767 &rarr; <strong>1737<\/strong><br \/>(-30 for losing)\n|c|\u2606pas agent|lel\n|c|\u2606Highv0ltag3|Gg\n|l| zhuzi\n|l|\u2606Highv0ltag3\n|l| mxxll\n|l| AlIoutdragadarts\n","uploadtime":1658580300,"views":49,"p1id":"pasagent","p2id":"highv0ltag3","formatid":"gen8ou","rating":1606,"private":0,"password":null}