{"id":"gen8ou-1414847097","p1":"TheonReekGreyjoy","p2":"you have homework","format":"gen8ou","log":"|j|\u2606TheonReekGreyjoy\n|j|\u2606you have homework\n|t:|1631393830\n|gametype|singles\n|player|p1|TheonReekGreyjoy|2|1785\n|player|p2|you have homework|101|1719\n|teamsize|p1|6\n|teamsize|p2|6\n|gen|8\n|tier|[Gen 8] OU\n|rated|\n|rule|Sleep Clause Mod: Limit one foe put to sleep\n|rule|Species Clause: Limit one of each Pok\u00e9mon\n|rule|OHKO Clause: OHKO moves are banned\n|rule|Evasion Moves Clause: Evasion moves are banned\n|rule|Endless Battle Clause: Forcing endless battles is banned\n|rule|HP Percentage Mod: HP is shown in percentages\n|rule|Dynamax Clause: You cannot dynamax\n|clearpoke\n|poke|p1|Ninetales-Alola, M|\n|poke|p1|Arctozolt|\n|poke|p1|Landorus-Therian, M|\n|poke|p1|Corviknight, M|\n|poke|p1|Tornadus-Therian, M|\n|poke|p1|Volcanion|\n|poke|p2|Buzzwole|\n|poke|p2|Heatran, F|\n|poke|p2|Blissey, F|\n|poke|p2|Zapdos|\n|poke|p2|Scizor, M|\n|poke|p2|Seismitoad, F|\n|teampreview\n|\n|t:|1631393844\n|start\n|switch|p1a: Tornadus|Tornadus-Therian, M|100\/100\n|switch|p2a: Scizor|Scizor, M|100\/100\n|turn|1\n|inactive|Battle timer is ON: inactive players will automatically lose when time's up. (requested by TheonReekGreyjoy)\n|\n|t:|1631393850\n|switch|p2a: Seismitoad|Seismitoad, F|100\/100\n|move|p1a: Tornadus|Heat Wave|p2a: Seismitoad\n|-resisted|p2a: Seismitoad\n|-crit|p2a: Seismitoad\n|-damage|p2a: Seismitoad|88\/100\n|\n|-heal|p2a: Seismitoad|94\/100|[from] item: Leftovers\n|upkeep\n|turn|2\n|j| vepp\n|\n|t:|1631393861\n|move|p1a: Tornadus|Knock Off|p2a: Seismitoad\n|-damage|p2a: Seismitoad|71\/100\n|-enditem|p2a: Seismitoad|Leftovers|[from] move: Knock Off|[of] p1a: Tornadus\n|move|p2a: Seismitoad|Stealth Rock|p1a: Tornadus\n|-sidestart|p1: TheonReekGreyjoy|move: Stealth Rock\n|\n|upkeep\n|turn|3\n|\n|t:|1631393868\n|move|p1a: Tornadus|U-turn|p2a: Seismitoad\n|-damage|p2a: Seismitoad|56\/100\n|\n|t:|1631393871\n|switch|p1a: Corviknight|Corviknight, M|100\/100|[from]move: U-turn\n|-damage|p1a: Corviknight|88\/100|[from] Stealth Rock\n|-ability|p1a: Corviknight|Pressure\n|move|p2a: Seismitoad|Toxic|p1a: Corviknight\n|-immune|p1a: Corviknight\n|\n|upkeep\n|turn|4\n|\n|t:|1631393879\n|move|p2a: Seismitoad|Scald|p1a: Corviknight\n|-damage|p1a: Corviknight|64\/100\n|move|p1a: Corviknight|Defog|p2a: Seismitoad\n|-unboost|p2a: Seismitoad|evasion|1\n|-sideend|p1: TheonReekGreyjoy|Stealth Rock|[from] move: Defog|[of] p1a: Corviknight\n|\n|upkeep\n|turn|5\n|\n|t:|1631393885\n|move|p2a: Seismitoad|Scald|p1a: Corviknight\n|-damage|p1a: Corviknight|40\/100\n|move|p1a: Corviknight|Body Press|p2a: Seismitoad\n|-damage|p2a: Seismitoad|29\/100\n|\n|upkeep\n|turn|6\n|\n|t:|1631393894\n|move|p2a: Seismitoad|Stealth Rock|p1a: Corviknight\n|-sidestart|p1: TheonReekGreyjoy|move: Stealth Rock\n|move|p1a: Corviknight|Roost|p1a: Corviknight\n|-heal|p1a: Corviknight|90\/100\n|-singleturn|p1a: Corviknight|move: Roost\n|\n|upkeep\n|turn|7\n|\n|t:|1631393908\n|switch|p2a: Zapdos|Zapdos|100\/100\n|move|p1a: Corviknight|Defog|p2a: Zapdos\n|-unboost|p2a: Zapdos|evasion|1\n|-sideend|p1: TheonReekGreyjoy|Stealth Rock|[from] move: Defog|[of] p1a: Corviknight\n|\n|upkeep\n|turn|8\n|\n|t:|1631393916\n|switch|p1a: Landorus|Landorus-Therian, M|100\/100\n|-ability|p1a: Landorus|Intimidate|boost\n|-unboost|p2a: Zapdos|atk|1\n|move|p2a: Zapdos|Hurricane|p1a: Landorus\n|-damage|p1a: Landorus|52\/100\n|\n|-heal|p1a: Landorus|58\/100|[from] item: Leftovers\n|upkeep\n|turn|9\n|\n|t:|1631393926\n|move|p2a: Zapdos|Hurricane|p1a: Landorus\n|-damage|p1a: Landorus|14\/100\n|move|p1a: Landorus|Toxic|p2a: Zapdos\n|-status|p2a: Zapdos|tox\n|\n|-heal|p1a: Landorus|20\/100|[from] item: Leftovers\n|-damage|p2a: Zapdos|94\/100 tox|[from] psn\n|upkeep\n|turn|10\n|\n|t:|1631393936\n|switch|p1a: Tornadus|Tornadus-Therian, M|100\/100\n|move|p2a: Zapdos|Hurricane|p1a: Tornadus\n|-damage|p1a: Tornadus|56\/100\n|\n|-damage|p2a: Zapdos|82\/100 tox|[from] psn\n|upkeep\n|turn|11\n|\n|t:|1631393945\n|switch|p1a: Ninetales|Ninetales-Alola, M|100\/100\n|-weather|Hail|[from] ability: Snow Warning|[of] p1a: Ninetales\n|move|p2a: Zapdos|Discharge|p1a: Ninetales\n|-damage|p1a: Ninetales|54\/100\n|\n|-weather|Hail|[upkeep]\n|-damage|p2a: Zapdos|76\/100 tox|[from] Hail\n|-damage|p2a: Zapdos|58\/100 tox|[from] psn\n|upkeep\n|turn|12\n|\n|t:|1631393957\n|switch|p2a: Scizor|Scizor, M|100\/100\n|move|p1a: Ninetales|Aurora Veil|p1a: Ninetales\n|-sidestart|p1: TheonReekGreyjoy|move: Aurora Veil\n|\n|-weather|Hail|[upkeep]\n|-damage|p2a: Scizor|94\/100|[from] Hail\n|-heal|p2a: Scizor|100\/100|[from] item: Leftovers\n|upkeep\n|turn|13\n|\n|t:|1631393965\n|switch|p1a: Volcanion|Volcanion|100\/100\n|move|p2a: Scizor|Knock Off|p1a: Volcanion\n|-damage|p1a: Volcanion|82\/100\n|-enditem|p1a: Volcanion|Choice Specs|[from] move: Knock Off|[of] p2a: Scizor\n|\n|-weather|Hail|[upkeep]\n|-damage|p1a: Volcanion|76\/100|[from] Hail\n|-damage|p2a: Scizor|94\/100|[from] Hail\n|-heal|p2a: Scizor|100\/100|[from] item: Leftovers\n|upkeep\n|turn|14\n|\n|t:|1631393975\n|switch|p1a: Arctozolt|Arctozolt|100\/100\n|switch|p2a: Seismitoad|Seismitoad, F|29\/100\n|\n|-weather|Hail|[upkeep]\n|-damage|p2a: Seismitoad|23\/100|[from] Hail\n|upkeep\n|turn|15\n|\n|t:|1631393985\n|move|p1a: Arctozolt|Blizzard|p2a: Seismitoad\n|-damage|p2a: Seismitoad|0 fnt\n|faint|p2a: Seismitoad\n|\n|-weather|Hail|[upkeep]\n|upkeep\n|\n|t:|1631393993\n|switch|p2a: Buzzwole|Buzzwole|100\/100\n|turn|16\n|j| ponkpleas \u2661\n|\n|t:|1631394004\n|switch|p1a: Tornadus|Tornadus-Therian, M|90\/100\n|move|p2a: Buzzwole|Drain Punch|p1a: Tornadus\n|-resisted|p1a: Tornadus\n|-damage|p1a: Tornadus|81\/100\n|\n|-weather|Hail|[upkeep]\n|-damage|p1a: Tornadus|75\/100|[from] Hail\n|-damage|p2a: Buzzwole|94\/100|[from] Hail\n|-sideend|p1: TheonReekGreyjoy|move: Aurora Veil\n|upkeep\n|turn|17\n|\n|t:|1631394016\n|move|p1a: Tornadus|U-turn|p2a: Buzzwole\n|-resisted|p2a: Buzzwole\n|-damage|p2a: Buzzwole|91\/100\n|-damage|p1a: Tornadus|58\/100|[from] item: Rocky Helmet|[of] p2a: Buzzwole\n|\n|t:|1631394020\n|switch|p1a: Corviknight|Corviknight, M|90\/100|[from]move: U-turn\n|-ability|p1a: Corviknight|Pressure\n|move|p2a: Buzzwole|Toxic|p1a: Corviknight\n|-immune|p1a: Corviknight\n|\n|-weather|Hail|[upkeep]\n|-damage|p2a: Buzzwole|84\/100|[from] Hail\n|-damage|p1a: Corviknight|83\/100|[from] Hail\n|upkeep\n|turn|18\n|\n|t:|1631394033\n|switch|p2a: Scizor|Scizor, M|100\/100\n|move|p1a: Corviknight|U-turn|p2a: Scizor\n|-resisted|p2a: Scizor\n|-damage|p2a: Scizor|93\/100\n|j| Truebeliver\n|\n|t:|1631394039\n|switch|p1a: Tornadus|Tornadus-Therian, M|91\/100|[from]move: U-turn\n|\n|-weather|none\n|-heal|p2a: Scizor|99\/100|[from] item: Leftovers\n|upkeep\n|turn|19\n|j| Mreow\n|\n|t:|1631394052\n|switch|p2a: Blissey|Blissey, F|100\/100\n|move|p1a: Tornadus|Knock Off|p2a: Blissey\n|-damage|p2a: Blissey|80\/100\n|-enditem|p2a: Blissey|Leftovers|[from] move: Knock Off|[of] p1a: Tornadus\n|\n|upkeep\n|turn|20\n|\n|t:|1631394059\n|move|p1a: Tornadus|U-turn|p2a: Blissey\n|-damage|p2a: Blissey|66\/100\n|\n|t:|1631394062\n|switch|p1a: Corviknight|Corviknight, M|83\/100|[from]move: U-turn\n|-ability|p1a: Corviknight|Pressure\n|move|p2a: Blissey|Heal Bell|p2a: Blissey\n|-activate|p2a: Blissey|move: Heal Bell\n|-curestatus|p2: Zapdos|tox|[msg]\n|\n|upkeep\n|turn|21\n|\n|t:|1631394074\n|switch|p2a: Buzzwole|Buzzwole|84\/100\n|move|p1a: Corviknight|U-turn|p2a: Buzzwole\n|-resisted|p2a: Buzzwole\n|-damage|p2a: Buzzwole|81\/100\n|-damage|p1a: Corviknight|67\/100|[from] item: Rocky Helmet|[of] p2a: Buzzwole\n|\n|t:|1631394086\n|switch|p1a: Volcanion|Volcanion|76\/100|[from]move: U-turn\n|\n|upkeep\n|turn|22\n|\n|t:|1631394091\n|switch|p2a: Blissey|Blissey, F|66\/100\n|move|p1a: Volcanion|Steam Eruption|p2a: Blissey\n|-damage|p2a: Blissey|45\/100\n|\n|upkeep\n|turn|23\n|j| Grosgeek\n|\n|t:|1631394104\n|switch|p1a: Landorus|Landorus-Therian, M|20\/100\n|-ability|p1a: Landorus|Intimidate|boost\n|-unboost|p2a: Blissey|atk|1\n|move|p2a: Blissey|Wish|p2a: Blissey\n|\n|-heal|p1a: Landorus|26\/100|[from] item: Leftovers\n|upkeep\n|turn|24\n|l| Truebeliver\n|l| Grosgeek\n|\n|t:|1631394116\n|move|p1a: Landorus|Earthquake|p2a: Blissey\n|-damage|p2a: Blissey|2\/100\n|move|p2a: Blissey|Seismic Toss|p1a: Landorus\n|-damage|p1a: Landorus|0 fnt\n|faint|p1a: Landorus\n|\n|-heal|p2a: Blissey|52\/100|[from] move: Wish|[wisher] Blissey\n|upkeep\n|\n|t:|1631394123\n|switch|p1a: Arctozolt|Arctozolt|100\/100\n|turn|25\n|\n|t:|1631394128\n|switch|p2a: Buzzwole|Buzzwole|81\/100\n|move|p1a: Arctozolt|Bolt Beak|p2a: Buzzwole\n|-damage|p2a: Buzzwole|47\/100\n|-damage|p1a: Arctozolt|84\/100|[from] item: Rocky Helmet|[of] p2a: Buzzwole\n|\n|-heal|p1a: Arctozolt|90\/100|[from] item: Leftovers\n|upkeep\n|turn|26\n|\n|t:|1631394136\n|switch|p1a: Tornadus|Tornadus-Therian, M|100\/100\n|move|p2a: Buzzwole|Roost|p2a: Buzzwole\n|-heal|p2a: Buzzwole|97\/100\n|-singleturn|p2a: Buzzwole|move: Roost\n|\n|upkeep\n|turn|27\n|j| Hugh Granite\n|\n|t:|1631394147\n|switch|p2a: Zapdos|Zapdos|58\/100\n|move|p1a: Tornadus|Heat Wave|p2a: Zapdos\n|-damage|p2a: Zapdos|38\/100\n|-status|p2a: Zapdos|brn\n|\n|-damage|p2a: Zapdos|32\/100 brn|[from] brn\n|upkeep\n|turn|28\n|\n|t:|1631394156\n|switch|p1a: Ninetales|Ninetales-Alola, M|54\/100\n|-weather|Hail|[from] ability: Snow Warning|[of] p1a: Ninetales\n|move|p2a: Zapdos|Roost|p2a: Zapdos\n|-heal|p2a: Zapdos|82\/100 brn\n|-singleturn|p2a: Zapdos|move: Roost\n|\n|-weather|Hail|[upkeep]\n|-damage|p2a: Zapdos|76\/100 brn|[from] Hail\n|-damage|p2a: Zapdos|70\/100 brn|[from] brn\n|upkeep\n|turn|29\n|\n|t:|1631394169\n|switch|p1a: Arctozolt|Arctozolt|90\/100\n|move|p2a: Zapdos|Discharge|p1a: Arctozolt\n|-resisted|p1a: Arctozolt\n|-damage|p1a: Arctozolt|57\/100\n|\n|-weather|Hail|[upkeep]\n|-damage|p2a: Zapdos|64\/100 brn|[from] Hail\n|-heal|p1a: Arctozolt|63\/100|[from] item: Leftovers\n|-damage|p2a: Zapdos|58\/100 brn|[from] brn\n|upkeep\n|turn|30\n|\n|t:|1631394181\n|switch|p2a: Heatran|Heatran, F|100\/100\n|move|p1a: Arctozolt|Substitute|p1a: Arctozolt\n|-start|p1a: Arctozolt|Substitute\n|-damage|p1a: Arctozolt|39\/100\n|\n|-weather|Hail|[upkeep]\n|-damage|p2a: Heatran|94\/100|[from] Hail\n|-heal|p1a: Arctozolt|45\/100|[from] item: Leftovers\n|-heal|p2a: Heatran|100\/100|[from] item: Leftovers\n|upkeep\n|turn|31\n|\n|t:|1631394192\n|switch|p2a: Buzzwole|Buzzwole|97\/100\n|move|p1a: Arctozolt|Low Kick|p2a: Buzzwole\n|-resisted|p2a: Buzzwole\n|-damage|p2a: Buzzwole|89\/100\n|-damage|p1a: Arctozolt|28\/100|[from] item: Rocky Helmet|[of] p2a: Buzzwole\n|\n|-weather|Hail|[upkeep]\n|-damage|p2a: Buzzwole|82\/100|[from] Hail\n|-heal|p1a: Arctozolt|34\/100|[from] item: Leftovers\n|upkeep\n|turn|32\n|\n|t:|1631394203\n|move|p1a: Arctozolt|Blizzard|p2a: Buzzwole\n|-damage|p2a: Buzzwole|28\/100\n|move|p2a: Buzzwole|Roost|p2a: Buzzwole\n|-heal|p2a: Buzzwole|78\/100\n|-singleturn|p2a: Buzzwole|move: Roost\n|\n|-weather|Hail|[upkeep]\n|-damage|p2a: Buzzwole|72\/100|[from] Hail\n|-heal|p1a: Arctozolt|41\/100|[from] item: Leftovers\n|upkeep\n|turn|33\n|j| Dyora -\n|\n|t:|1631394211\n|move|p1a: Arctozolt|Blizzard|p2a: Buzzwole\n|-damage|p2a: Buzzwole|24\/100\n|move|p2a: Buzzwole|Roost|p2a: Buzzwole\n|-heal|p2a: Buzzwole|74\/100\n|-singleturn|p2a: Buzzwole|move: Roost\n|\n|-weather|Hail|[upkeep]\n|-damage|p2a: Buzzwole|68\/100|[from] Hail\n|-heal|p1a: Arctozolt|47\/100|[from] item: Leftovers\n|upkeep\n|turn|34\n|\n|t:|1631394220\n|move|p1a: Arctozolt|Blizzard|p2a: Buzzwole\n|-damage|p2a: Buzzwole|14\/100\n|move|p2a: Buzzwole|Roost|p2a: Buzzwole\n|-heal|p2a: Buzzwole|64\/100\n|-singleturn|p2a: Buzzwole|move: Roost\n|\n|-weather|Hail|[upkeep]\n|-damage|p2a: Buzzwole|58\/100|[from] Hail\n|-heal|p1a: Arctozolt|53\/100|[from] item: Leftovers\n|upkeep\n|turn|35\n|\n|t:|1631394229\n|move|p1a: Arctozolt|Bolt Beak|p2a: Buzzwole\n|-damage|p2a: Buzzwole|22\/100\n|-damage|p1a: Arctozolt|37\/100|[from] item: Rocky Helmet|[of] p2a: Buzzwole\n|move|p2a: Buzzwole|Roost|p2a: Buzzwole\n|-heal|p2a: Buzzwole|72\/100\n|-singleturn|p2a: Buzzwole|move: Roost\n|\n|-weather|none\n|-heal|p1a: Arctozolt|43\/100|[from] item: Leftovers\n|upkeep\n|turn|36\n|\n|t:|1631394243\n|move|p1a: Arctozolt|Blizzard|p2a: Buzzwole\n|-damage|p2a: Buzzwole|26\/100\n|move|p2a: Buzzwole|Roost|p2a: Buzzwole\n|-heal|p2a: Buzzwole|76\/100\n|-singleturn|p2a: Buzzwole|move: Roost\n|\n|-heal|p1a: Arctozolt|49\/100|[from] item: Leftovers\n|upkeep\n|turn|37\n|\n|t:|1631394252\n|switch|p1a: Corviknight|Corviknight, M|67\/100\n|-ability|p1a: Corviknight|Pressure\n|move|p2a: Buzzwole|Roost|p2a: Buzzwole\n|-heal|p2a: Buzzwole|100\/100\n|-singleturn|p2a: Buzzwole|move: Roost\n|\n|upkeep\n|turn|38\n|\n|t:|1631394268\n|move|p2a: Buzzwole|Drain Punch|p1a: Corviknight\n|-damage|p1a: Corviknight|45\/100\n|-damage|p2a: Buzzwole|84\/100|[from] item: Rocky Helmet|[of] p1a: Corviknight\n|move|p1a: Corviknight|Roost|p1a: Corviknight\n|-heal|p1a: Corviknight|95\/100\n|-singleturn|p1a: Corviknight|move: Roost\n|\n|upkeep\n|turn|39\n|\n|t:|1631394276\n|switch|p2a: Zapdos|Zapdos|58\/100 brn\n|move|p1a: Corviknight|U-turn|p2a: Zapdos\n|-resisted|p2a: Zapdos\n|-damage|p2a: Zapdos|50\/100 brn\n|\n|t:|1631394284\n|switch|p1a: Ninetales|Ninetales-Alola, M|54\/100|[from]move: U-turn\n|-weather|Hail|[from] ability: Snow Warning|[of] p1a: Ninetales\n|\n|-weather|Hail|[upkeep]\n|-damage|p2a: Zapdos|44\/100 brn|[from] Hail\n|-damage|p2a: Zapdos|38\/100 brn|[from] brn\n|upkeep\n|turn|40\n|j| kmatic_YT\n|\n|t:|1631394294\n|switch|p2a: Heatran|Heatran, F|100\/100\n|move|p1a: Ninetales|Freeze-Dry|p2a: Heatran\n|-resisted|p2a: Heatran\n|-crit|p2a: Heatran\n|-damage|p2a: Heatran|94\/100\n|\n|-weather|Hail|[upkeep]\n|-damage|p2a: Heatran|88\/100|[from] Hail\n|-heal|p2a: Heatran|94\/100|[from] item: Leftovers\n|upkeep\n|turn|41\n|\n|t:|1631394306\n|switch|p1a: Tornadus|Tornadus-Therian, M|100\/100\n|move|p2a: Heatran|Earth Power|p1a: Tornadus\n|-immune|p1a: Tornadus\n|\n|-weather|Hail|[upkeep]\n|-damage|p1a: Tornadus|94\/100|[from] Hail\n|-damage|p2a: Heatran|88\/100|[from] Hail\n|-heal|p2a: Heatran|94\/100|[from] item: Leftovers\n|upkeep\n|turn|42\n|\n|t:|1631394315\n|move|p1a: Tornadus|Knock Off|p2a: Heatran\n|-damage|p2a: Heatran|77\/100\n|-enditem|p2a: Heatran|Leftovers|[from] move: Knock Off|[of] p1a: Tornadus\n|move|p2a: Heatran|Toxic|p1a: Tornadus\n|-status|p1a: Tornadus|tox\n|\n|-weather|Hail|[upkeep]\n|-damage|p1a: Tornadus|88\/100 tox|[from] Hail\n|-damage|p2a: Heatran|71\/100|[from] Hail\n|-damage|p1a: Tornadus|82\/100 tox|[from] psn\n|upkeep\n|turn|43\n|\n|t:|1631394330\n|move|p1a: Tornadus|Knock Off|p2a: Heatran\n|-damage|p2a: Heatran|59\/100\n|move|p2a: Heatran|Flamethrower|p1a: Tornadus\n|-damage|p1a: Tornadus|49\/100 tox\n|\n|-weather|Hail|[upkeep]\n|-damage|p1a: Tornadus|43\/100 tox|[from] Hail\n|-damage|p2a: Heatran|53\/100|[from] Hail\n|-damage|p1a: Tornadus|30\/100 tox|[from] psn\n|upkeep\n|turn|44\n|\n|t:|1631394342\n|move|p1a: Tornadus|U-turn|p2a: Heatran\n|-resisted|p2a: Heatran\n|-damage|p2a: Heatran|50\/100\n|\n|t:|1631394347\n|switch|p1a: Corviknight|Corviknight, M|95\/100|[from]move: U-turn\n|-ability|p1a: Corviknight|Pressure\n|move|p2a: Heatran|Earth Power|p1a: Corviknight\n|-immune|p1a: Corviknight\n|\n|-weather|Hail|[upkeep]\n|-damage|p2a: Heatran|44\/100|[from] Hail\n|-damage|p1a: Corviknight|89\/100|[from] Hail\n|upkeep\n|turn|45\n|\n|t:|1631394358\n|switch|p1a: Volcanion|Volcanion|76\/100\n|move|p2a: Heatran|Flamethrower|p1a: Volcanion\n|-resisted|p1a: Volcanion\n|-damage|p1a: Volcanion|60\/100\n|\n|-weather|Hail|[upkeep]\n|-damage|p1a: Volcanion|54\/100|[from] Hail\n|-damage|p2a: Heatran|38\/100|[from] Hail\n|upkeep\n|turn|46\n|\n|t:|1631394368\n|move|p1a: Volcanion|Steam Eruption|p2a: Heatran\n|-supereffective|p2a: Heatran\n|-damage|p2a: Heatran|0 fnt\n|faint|p2a: Heatran\n|\n|-weather|none\n|upkeep\n|\n|t:|1631394376\n|switch|p2a: Blissey|Blissey, F|52\/100\n|turn|47\n|\n|t:|1631394383\n|switch|p1a: Arctozolt|Arctozolt|49\/100\n|move|p2a: Blissey|Wish|p2a: Blissey\n|\n|-heal|p1a: Arctozolt|55\/100|[from] item: Leftovers\n|upkeep\n|turn|48\n|j| vhkv\n|\n|t:|1631394403\n|move|p2a: Blissey|Protect|p2a: Blissey\n|-singleturn|p2a: Blissey|Protect\n|move|p1a: Arctozolt|Bolt Beak|p2a: Blissey\n|-activate|p2a: Blissey|move: Protect\n|\n|-heal|p2a: Blissey|100\/100|[from] move: Wish|[wisher] Blissey\n|-heal|p1a: Arctozolt|62\/100|[from] item: Leftovers\n|upkeep\n|turn|49\n|\n|t:|1631394412\n|switch|p2a: Buzzwole|Buzzwole|84\/100\n|move|p1a: Arctozolt|Bolt Beak|p2a: Buzzwole\n|-damage|p2a: Buzzwole|49\/100\n|-damage|p1a: Arctozolt|45\/100|[from] item: Rocky Helmet|[of] p2a: Buzzwole\n|\n|-heal|p1a: Arctozolt|51\/100|[from] item: Leftovers\n|upkeep\n|turn|50\n|\n|t:|1631394420\n|switch|p1a: Ninetales|Ninetales-Alola, M|54\/100\n|-weather|Hail|[from] ability: Snow Warning|[of] p1a: Ninetales\n|move|p2a: Buzzwole|Roost|p2a: Buzzwole\n|-heal|p2a: Buzzwole|99\/100\n|-singleturn|p2a: Buzzwole|move: Roost\n|\n|-weather|Hail|[upkeep]\n|-damage|p2a: Buzzwole|92\/100|[from] Hail\n|upkeep\n|turn|51\n|j| KICK BABY YODA\n|\n|t:|1631394430\n|switch|p1a: Tornadus|Tornadus-Therian, M|64\/100 tox\n|move|p2a: Buzzwole|Toxic|p1a: Tornadus|[miss]\n|-miss|p2a: Buzzwole|p1a: Tornadus\n|\n|-weather|Hail|[upkeep]\n|-damage|p1a: Tornadus|58\/100 tox|[from] Hail\n|-damage|p2a: Buzzwole|86\/100|[from] Hail\n|-damage|p1a: Tornadus|51\/100 tox|[from] psn\n|upkeep\n|turn|52\n|\n|t:|1631394440\n|switch|p2a: Blissey|Blissey, F|100\/100\n|move|p1a: Tornadus|U-turn|p2a: Blissey\n|-damage|p2a: Blissey|86\/100\n|\n|t:|1631394445\n|switch|p1a: Arctozolt|Arctozolt|51\/100|[from]move: U-turn\n|\n|-weather|Hail|[upkeep]\n|-damage|p2a: Blissey|80\/100|[from] Hail\n|-heal|p1a: Arctozolt|58\/100|[from] item: Leftovers\n|upkeep\n|turn|53\n|\n|t:|1631394455\n|move|p1a: Arctozolt|Bolt Beak|p2a: Blissey\n|-damage|p2a: Blissey|10\/100\n|move|p2a: Blissey|Wish|p2a: Blissey\n|\n|-weather|Hail|[upkeep]\n|-damage|p2a: Blissey|4\/100|[from] Hail\n|-heal|p1a: Arctozolt|64\/100|[from] item: Leftovers\n|upkeep\n|turn|54\n|\n|t:|1631394464\n|move|p2a: Blissey|Protect|p2a: Blissey\n|-singleturn|p2a: Blissey|Protect\n|move|p1a: Arctozolt|Bolt Beak|p2a: Blissey\n|-activate|p2a: Blissey|move: Protect\n|\n|-weather|Hail|[upkeep]\n|-damage|p2a: Blissey|0 fnt|[from] Hail\n|faint|p2a: Blissey\n|-heal|p1a: Arctozolt|70\/100|[from] item: Leftovers\n|upkeep\n|\n|t:|1631394477\n|switch|p2a: Scizor|Scizor, M|99\/100\n|turn|55\n|\n|t:|1631394494\n|switch|p1a: Corviknight|Corviknight, M|89\/100\n|-ability|p1a: Corviknight|Pressure\n|move|p2a: Scizor|Swords Dance|p2a: Scizor\n|-boost|p2a: Scizor|atk|2\n|\n|-weather|Hail|[upkeep]\n|-damage|p1a: Corviknight|82\/100|[from] Hail\n|-damage|p2a: Scizor|93\/100|[from] Hail\n|-heal|p2a: Scizor|99\/100|[from] item: Leftovers\n|upkeep\n|turn|56\n|\n|t:|1631394512\n|move|p1a: Corviknight|U-turn|p2a: Scizor\n|-resisted|p2a: Scizor\n|-damage|p2a: Scizor|93\/100\n|j| Zombini62\n|\n|t:|1631394521\n|switch|p1a: Volcanion|Volcanion|54\/100|[from]move: U-turn\n|move|p2a: Scizor|Swords Dance|p2a: Scizor\n|-boost|p2a: Scizor|atk|2\n|\n|-weather|Hail|[upkeep]\n|-damage|p1a: Volcanion|48\/100|[from] Hail\n|-damage|p2a: Scizor|87\/100|[from] Hail\n|-heal|p2a: Scizor|93\/100|[from] item: Leftovers\n|upkeep\n|turn|57\n|\n|t:|1631394536\n|switch|p2a: Buzzwole|Buzzwole|86\/100\n|move|p1a: Volcanion|Fire Blast|p2a: Buzzwole\n|-supereffective|p2a: Buzzwole\n|-damage|p2a: Buzzwole|0 fnt\n|faint|p2a: Buzzwole\n|\n|-weather|none\n|upkeep\n|j| Isaque3\n|-message|you have homework forfeited.\n|\n|win|TheonReekGreyjoy\n|raw|TheonReekGreyjoy's rating: 1786 &rarr; <strong>1802<\/strong><br \/>(+16 for winning)\n|raw|you have homework's rating: 1719 &rarr; <strong>1703<\/strong><br \/>(-16 for losing)\n|l|\u2606you have homework\n","uploadtime":1631394551,"views":87,"p1id":"theonreekgreyjoy","p2id":"youhavehomework","formatid":"gen8ou","rating":1703,"private":0,"password":null}