{"id":"gen8ou-1666507244","p1":"charjabugfan","p2":"Pok et glace","format":"gen8ou","log":"|j|\u2606charjabugfan\n|j|\u2606Pok et glace\n|inactive|Battle timer is ON: inactive players will automatically lose when time's up.\n|t:|1663419259\n|gametype|singles\n|player|p1|charjabugfan|ghetsis-gen5bw|\n|player|p2|Pok et glace|cynthia-masters|\n|teamsize|p1|6\n|teamsize|p2|6\n|gen|8\n|tier|[Gen 8] OU\n|rated|Tournament battle\n|rule|Sleep Clause Mod: Limit one foe put to sleep\n|rule|Species Clause: Limit one of each Pok\u00e9mon\n|rule|OHKO Clause: OHKO moves are banned\n|rule|Evasion Items Clause: Evasion items are banned\n|rule|Evasion Moves Clause: Evasion moves are banned\n|rule|Endless Battle Clause: Forcing endless battles is banned\n|rule|HP Percentage Mod: HP is shown in percentages\n|rule|Dynamax Clause: You cannot dynamax\n|clearpoke\n|poke|p1|Nidoking, M|\n|poke|p1|Pelipper, M|\n|poke|p1|Ninjask, F|\n|poke|p1|Machamp, M|\n|poke|p1|Kommo-o, F|\n|poke|p1|Porygon-Z|\n|poke|p2|Lanturn, M|\n|poke|p2|Slurpuff, M|\n|poke|p2|Salazzle, F|\n|poke|p2|Gardevoir, M|\n|poke|p2|Bewear, F|\n|poke|p2|Garchomp, M|\n|teampreview\n|j|*Lady Monita\n|inactive|charjabugfan also wants the timer to be on.\n|j| jfebhjbeebhjf\n|c|\u2606Pok et glace|hf\n|l| jfebhjbeebhjf\n|\n|t:|1663419271\n|start\n|switch|p1a: Ninjask|Ninjask, F|100\/100\n|switch|p2a: Gardevoir|Gardevoir, M|100\/100\n|-ability|p2a: Gardevoir|Speed Boost|[from] ability: Trace|[of] p1a: Ninjask\n|turn|1\n|j| nalinan\n|j| ionnss\n|j| feraligatrfan7\n|\n|t:|1663419280\n|switch|p2a: Lanturn|Lanturn, M|100\/100\n|move|p1a: Ninjask|Swords Dance|p1a: Ninjask\n|-boost|p1a: Ninjask|atk|2\n|\n|-ability|p1a: Ninjask|Speed Boost|boost\n|-boost|p1a: Ninjask|spe|1\n|upkeep\n|turn|2\n|\n|t:|1663419284\n|move|p1a: Ninjask|U-turn|p2a: Lanturn\n|-damage|p2a: Lanturn|54\/100\n|j| azxs99\n|\n|t:|1663419293\n|switch|p1a: Nidoking|Nidoking, M|100\/100|[from]move: U-turn\n|move|p2a: Lanturn|Volt Switch|p1a: Nidoking\n|-immune|p1a: Nidoking\n|\n|-heal|p2a: Lanturn|60\/100|[from] item: Leftovers\n|upkeep\n|turn|3\n|\n|t:|1663419297\n|move|p2a: Lanturn|Protect|p2a: Lanturn\n|-singleturn|p2a: Lanturn|Protect\n|move|p1a: Nidoking|Sludge Wave|p2a: Lanturn\n|-activate|p2a: Lanturn|move: Protect\n|\n|-heal|p2a: Lanturn|66\/100|[from] item: Leftovers\n|upkeep\n|turn|4\n|\n|t:|1663419301\n|move|p1a: Nidoking|Earth Power|p2a: Lanturn\n|-supereffective|p2a: Lanturn\n|-damage|p2a: Lanturn|0 fnt\n|faint|p2a: Lanturn\n|\n|upkeep\n|j| Genshinku\n|j| hgjfvcnfdd\n|\n|t:|1663419307\n|switch|p2a: Garchomp|Garchomp, M|100\/100\n|turn|5\n|\n|t:|1663419318\n|switch|p2a: Gardevoir|Gardevoir, M|100\/100\n|-ability|p2a: Gardevoir|Sheer Force|[from] ability: Trace|[of] p1a: Nidoking\n|switch|p1a: Pelipper|Pelipper, M|100\/100\n|-weather|RainDance|[from] ability: Drizzle|[of] p1a: Pelipper\n|\n|-weather|RainDance|[upkeep]\n|upkeep\n|turn|6\n|\n|t:|1663419325\n|move|p2a: Gardevoir|Thunderbolt|p1a: Pelipper\n|-supereffective|p1a: Pelipper\n|-damage|p1a: Pelipper|0 fnt\n|faint|p1a: Pelipper\n|\n|-weather|RainDance|[upkeep]\n|upkeep\n|\n|t:|1663419335\n|switch|p1a: Nidoking|Nidoking, M|100\/100\n|turn|7\n|\n|t:|1663419338\n|switch|p2a: Salazzle|Salazzle, F|100\/100\n|move|p1a: Nidoking|Sludge Wave|p2a: Salazzle\n|-resisted|p2a: Salazzle\n|-damage|p2a: Salazzle|45\/100\n|\n|-weather|RainDance|[upkeep]\n|-heal|p2a: Salazzle|52\/100|[from] item: Black Sludge\n|upkeep\n|turn|8\n|\n|t:|1663419346\n|move|p2a: Salazzle|Protect|p2a: Salazzle\n|-singleturn|p2a: Salazzle|Protect\n|move|p1a: Nidoking|Earth Power|p2a: Salazzle\n|-activate|p2a: Salazzle|move: Protect\n|\n|-weather|RainDance|[upkeep]\n|-heal|p2a: Salazzle|58\/100|[from] item: Black Sludge\n|upkeep\n|turn|9\n|j|^ETJX\n|\n|t:|1663419349\n|move|p2a: Salazzle|Toxic|p1a: Nidoking\n|-status|p1a: Nidoking|tox\n|move|p1a: Nidoking|Earth Power|p2a: Salazzle\n|-supereffective|p2a: Salazzle\n|-damage|p2a: Salazzle|0 fnt\n|faint|p2a: Salazzle\n|\n|-weather|RainDance|[upkeep]\n|-damage|p1a: Nidoking|95\/100 tox|[from] psn\n|upkeep\n|\n|t:|1663419353\n|switch|p2a: Gardevoir|Gardevoir, M|100\/100\n|-ability|p2a: Gardevoir|Sheer Force|[from] ability: Trace|[of] p1a: Nidoking\n|turn|10\n|\n|t:|1663419358\n|move|p2a: Gardevoir|Psychic|p1a: Nidoking\n|-supereffective|p1a: Nidoking\n|-damage|p1a: Nidoking|0 fnt\n|faint|p1a: Nidoking\n|\n|-weather|RainDance|[upkeep]\n|upkeep\n|\n|t:|1663419363\n|switch|p1a: Porygon-Z|Porygon-Z|100\/100\n|-ability|p1a: Porygon-Z|Download|boost\n|-boost|p1a: Porygon-Z|atk|1\n|turn|11\n|\n|t:|1663419370\n|move|p2a: Gardevoir|Psychic|p1a: Porygon-Z\n|-damage|p1a: Porygon-Z|23\/100\n|move|p1a: Porygon-Z|Agility|p1a: Porygon-Z\n|-boost|p1a: Porygon-Z|spe|2\n|\n|-weather|RainDance|[upkeep]\n|upkeep\n|turn|12\n|j| sussyhut\n|\n|t:|1663419374\n|move|p1a: Porygon-Z|Ice Beam|p2a: Gardevoir\n|-damage|p2a: Gardevoir|61\/100\n|move|p2a: Gardevoir|Psychic|p1a: Porygon-Z\n|-damage|p1a: Porygon-Z|0 fnt\n|faint|p1a: Porygon-Z\n|\n|-weather|none\n|upkeep\n|\n|t:|1663419379\n|switch|p1a: Ninjask|Ninjask, F|100\/100\n|turn|13\n|\n|t:|1663419385\n|move|p1a: Ninjask|Protect|p1a: Ninjask\n|-singleturn|p1a: Ninjask|Protect\n|move|p2a: Gardevoir|Psychic|p1a: Ninjask\n|-activate|p1a: Ninjask|move: Protect\n|\n|-ability|p1a: Ninjask|Speed Boost|boost\n|-boost|p1a: Ninjask|spe|1\n|upkeep\n|turn|14\n|l|^ETJX\n|\n|t:|1663419391\n|switch|p2a: Garchomp|Garchomp, M|100\/100\n|move|p1a: Ninjask|Acrobatics|p2a: Garchomp\n|-damage|p2a: Garchomp|50\/100\n|-damage|p1a: Ninjask|88\/100|[from] ability: Rough Skin|[of] p2a: Garchomp\n|\n|-heal|p2a: Garchomp|56\/100|[from] item: Leftovers\n|-ability|p1a: Ninjask|Speed Boost|boost\n|-boost|p1a: Ninjask|spe|1\n|upkeep\n|turn|15\n|\n|t:|1663419399\n|move|p1a: Ninjask|Acrobatics|p2a: Garchomp\n|-damage|p2a: Garchomp|8\/100\n|-damage|p1a: Ninjask|76\/100|[from] ability: Rough Skin|[of] p2a: Garchomp\n|move|p2a: Garchomp|Scale Shot|p1a: Ninjask\n|-crit|p1a: Ninjask\n|-damage|p1a: Ninjask|28\/100\n|-damage|p1a: Ninjask|0 fnt\n|faint|p1a: Ninjask\n|-hitcount|p1: Ninjask|2\n|-unboost|p2a: Garchomp|def|1\n|-boost|p2a: Garchomp|spe|1\n|\n|-heal|p2a: Garchomp|15\/100|[from] item: Leftovers\n|upkeep\n|\n|t:|1663419406\n|switch|p1a: Kommo-o|Kommo-o, F|100\/100\n|turn|16\n|\n|t:|1663419411\n|move|p2a: Garchomp|Scale Shot|p1a: Kommo-o\n|-supereffective|p1a: Kommo-o\n|-damage|p1a: Kommo-o|73\/100\n|-supereffective|p1a: Kommo-o\n|-damage|p1a: Kommo-o|48\/100\n|-supereffective|p1a: Kommo-o\n|-damage|p1a: Kommo-o|21\/100\n|-hitcount|p1a: Kommo-o|3\n|-unboost|p2a: Garchomp|def|1\n|-boost|p2a: Garchomp|spe|1\n|move|p1a: Kommo-o|Clangorous Soul||[still]\n|-fail|p1a: Kommo-o\n|\n|-heal|p2a: Garchomp|21\/100|[from] item: Leftovers\n|upkeep\n|turn|17\n|\n|t:|1663419422\n|move|p2a: Garchomp|Earthquake|p1a: Kommo-o\n|-damage|p1a: Kommo-o|0 fnt\n|faint|p1a: Kommo-o\n|\n|-heal|p2a: Garchomp|27\/100|[from] item: Leftovers\n|upkeep\n|\n|t:|1663419424\n|switch|p1a: Machamp|Machamp, M|100\/100\n|turn|18\n|c|\u2606Pok et glace|gg\n|\n|t:|1663419428\n|move|p2a: Garchomp|Earthquake|p1a: Machamp\n|-damage|p1a: Machamp|45\/100\n|move|p1a: Machamp|Substitute|p1a: Machamp\n|-start|p1a: Machamp|Substitute\n|-damage|p1a: Machamp|20\/100\n|\n|-heal|p2a: Garchomp|33\/100|[from] item: Leftovers\n|-heal|p1a: Machamp|26\/100|[from] item: Leftovers\n|upkeep\n|turn|19\n|\n|t:|1663419432\n|-singleturn|p1a: Machamp|move: Focus Punch\n|move|p2a: Garchomp|Earthquake|p1a: Machamp\n|-end|p1a: Machamp|Substitute\n|move|p1a: Machamp|Focus Punch|p2a: Garchomp\n|-damage|p2a: Garchomp|0 fnt\n|-damage|p1a: Machamp|14\/100|[from] ability: Rough Skin|[of] p2a: Garchomp\n|faint|p2a: Garchomp\n|\n|-heal|p1a: Machamp|20\/100|[from] item: Leftovers\n|upkeep\n|\n|t:|1663419434\n|switch|p2a: Gardevoir|Gardevoir, M|61\/100\n|-ability|p2a: Gardevoir|No Guard|[from] ability: Trace|[of] p1a: Machamp\n|turn|20\n|\n|t:|1663419436\n|move|p2a: Gardevoir|Moonblast|p1a: Machamp\n|-supereffective|p1a: Machamp\n|-damage|p1a: Machamp|0 fnt\n|faint|p1a: Machamp\n|\n|win|Pok et glace\n|n|\u2606charjabugfan|charjabugfan\n|n|\u2606Pok et glace|poketglace\n|n|*Lady Monita|ladymonita\n|n| nalinan|nalinan\n|n| ionnss|ionnss\n|n| feraligatrfan7|feraligatrfan7\n|n| azxs99|azxs99\n|n| Genshinku|genshinku\n|n| hgjfvcnfdd|hgjfvcnfdd\n","uploadtime":1663419437,"views":38,"p1id":"charjabugfan","p2id":"poketglace","formatid":"gen8ou","rating":0,"private":0,"password":null}