{"id":"gen8ou-1374627636","p1":"LT81YL slainey","p2":"SkipTheDripBayless","format":"gen8ou","log":"|j|\u2606LT81YL slainey\n|j|\u2606SkipTheDripBayless\n|t:|1625979446\n|gametype|singles\n|player|p1|LT81YL slainey|iris-gen5bw2|\n|player|p2|SkipTheDripBayless|wally-gen3|\n|teamsize|p1|6\n|teamsize|p2|6\n|gen|8\n|tier|[Gen 8] OU\n|rule|Sleep Clause Mod: Limit one foe put to sleep\n|rule|Species Clause: Limit one of each Pok\u00e9mon\n|rule|OHKO Clause: OHKO moves are banned\n|rule|Evasion Moves Clause: Evasion moves are banned\n|rule|Endless Battle Clause: Forcing endless battles is banned\n|rule|HP Percentage Mod: HP is shown in percentages\n|rule|Dynamax Clause: You cannot dynamax\n|clearpoke\n|poke|p1|Garchomp, F|\n|poke|p1|Togekiss, M|\n|poke|p1|Dragapult, M|\n|poke|p1|Cloyster, M|\n|poke|p1|Mew|\n|poke|p1|Volcarona, F|\n|poke|p2|Poliwrath, M|\n|poke|p2|Tornadus-Therian, M|\n|poke|p2|Skarmory, M|\n|poke|p2|Hippowdon, F|\n|poke|p2|Hydreigon, F|\n|poke|p2|Slowking-Galar, F|\n|teampreview\n|c|\u2606SkipTheDripBayless|Why\n|c|\u2606SkipTheDripBayless|did u bring the demon\n|c|\u2606LT81YL slainey|\"Kings Rock is obviously an item which fishes for odds. However, I think that this is not necessarily a negative aspect at all. Pok\u00e9mon is all about managing these odds well and minimizing the odds against you, while maximizing those in your favor.\"\n|c|\u2606SkipTheDripBayless|Ye I forgot that\n|\n|t:|1625979487\n|start\n|switch|p1a: Genesis|Mew|100\/100\n|switch|p2a: Tornadus|Tornadus-Therian, M|100\/100\n|turn|1\n|\n|t:|1625979492\n|move|p2a: Tornadus|Hurricane|p1a: Genesis|[miss]\n|-miss|p2a: Tornadus|p1a: Genesis\n|move|p1a: Genesis|Thunder Wave|p2a: Tornadus\n|-status|p2a: Tornadus|par\n|\n|upkeep\n|turn|2\n|\n|t:|1625979498\n|move|p1a: Genesis|Stealth Rock|p2a: Tornadus\n|-sidestart|p2: SkipTheDripBayless|move: Stealth Rock\n|move|p2a: Tornadus|Hurricane|p1a: Genesis\n|-damage|p1a: Genesis|62\/100\n|-start|p1a: Genesis|confusion\n|\n|upkeep\n|turn|3\n|\n|t:|1625979501\n|-activate|p1a: Genesis|confusion\n|-damage|p1a: Genesis|54\/100|[from] confusion\n|move|p2a: Tornadus|Knock Off|p1a: Genesis\n|-supereffective|p1a: Genesis\n|-damage|p1a: Genesis|12\/100\n|-enditem|p1a: Genesis|Focus Sash|[from] move: Knock Off|[of] p2a: Tornadus\n|\n|upkeep\n|turn|4\n|\n|t:|1625979504\n|-end|p1a: Genesis|confusion\n|move|p1a: Genesis|Ice Beam|p2a: Tornadus\n|-supereffective|p2a: Tornadus\n|-damage|p2a: Tornadus|46\/100 par\n|move|p2a: Tornadus|U-turn|p1a: Genesis\n|-supereffective|p1a: Genesis\n|-damage|p1a: Genesis|0 fnt\n|faint|p1a: Genesis\n|\n|t:|1625979509\n|switch|p2a: Hippowdon|Hippowdon, F|100\/100|[from]move: U-turn\n|-damage|p2a: Hippowdon|94\/100|[from] Stealth Rock\n|-weather|Sandstorm|[from] ability: Sand Stream|[of] p2a: Hippowdon\n|\n|-weather|Sandstorm|[upkeep]\n|-heal|p2a: Hippowdon|100\/100|[from] item: Leftovers\n|upkeep\n|\n|t:|1625979525\n|switch|p1a: Perfect Defense|Cloyster, M|100\/100\n|turn|5\n|\n|t:|1625979530\n|switch|p2a: Poliwrath|Poliwrath, M, shiny|100\/100\n|-damage|p2a: Poliwrath|94\/100|[from] Stealth Rock\n|move|p1a: Perfect Defense|Shell Smash|p1a: Perfect Defense\n|-unboost|p1a: Perfect Defense|def|1\n|-unboost|p1a: Perfect Defense|spd|1\n|-boost|p1a: Perfect Defense|atk|2\n|-boost|p1a: Perfect Defense|spa|2\n|-boost|p1a: Perfect Defense|spe|2\n|\n|-weather|Sandstorm|[upkeep]\n|-damage|p1a: Perfect Defense|94\/100|[from] Sandstorm\n|-damage|p2a: Poliwrath|88\/100|[from] Sandstorm\n|-heal|p2a: Poliwrath|94\/100|[from] item: Leftovers\n|upkeep\n|turn|6\n|\n|t:|1625979555\n|switch|p1a: ashes|Volcarona, F|100\/100\n|move|p2a: Poliwrath|Drain Punch|p1a: ashes\n|-resisted|p1a: ashes\n|-damage|p1a: ashes|90\/100\n|-heal|p2a: Poliwrath|99\/100|[from] drain|[of] p1a: ashes\n|-status|p2a: Poliwrath|brn|[from] ability: Flame Body|[of] p1a: ashes\n|\n|-weather|Sandstorm|[upkeep]\n|-damage|p1a: ashes|84\/100|[from] Sandstorm\n|-damage|p2a: Poliwrath|94\/100 brn|[from] Sandstorm\n|-heal|p2a: Poliwrath|99\/100 brn|[from] item: Leftovers\n|-damage|p2a: Poliwrath|94\/100 brn|[from] brn\n|upkeep\n|turn|7\n|\n|t:|1625979571\n|move|p1a: ashes|Quiver Dance|p1a: ashes\n|-boost|p1a: ashes|spa|1\n|-boost|p1a: ashes|spd|1\n|-boost|p1a: ashes|spe|1\n|move|p2a: Poliwrath|Rest|p2a: Poliwrath\n|-status|p2a: Poliwrath|slp|[from] move: Rest\n|-heal|p2a: Poliwrath|100\/100 slp|[silent]\n|\n|-weather|Sandstorm|[upkeep]\n|-damage|p1a: ashes|78\/100|[from] Sandstorm\n|-damage|p2a: Poliwrath|94\/100 slp|[from] Sandstorm\n|-heal|p2a: Poliwrath|100\/100 slp|[from] item: Leftovers\n|upkeep\n|turn|8\n|\n|t:|1625979579\n|switch|p2a: Hippowdon|Hippowdon, F|100\/100\n|-damage|p2a: Hippowdon|94\/100|[from] Stealth Rock\n|move|p1a: ashes|Quiver Dance|p1a: ashes\n|-boost|p1a: ashes|spa|1\n|-boost|p1a: ashes|spd|1\n|-boost|p1a: ashes|spe|1\n|\n|-weather|none\n|-heal|p2a: Hippowdon|100\/100|[from] item: Leftovers\n|upkeep\n|turn|9\n|\n|t:|1625979581\n|move|p1a: ashes|Giga Drain|p2a: Hippowdon\n|-supereffective|p2a: Hippowdon\n|-damage|p2a: Hippowdon|39\/100\n|-heal|p1a: ashes|100\/100|[from] drain|[of] p2a: Hippowdon\n|move|p2a: Hippowdon|Toxic|p1a: ashes\n|-status|p1a: ashes|tox\n|\n|-heal|p2a: Hippowdon|45\/100|[from] item: Leftovers\n|-damage|p1a: ashes|94\/100 tox|[from] psn\n|upkeep\n|turn|10\n|c|\u2606LT81YL slainey|i shoulda giga on switch\n|c|\u2606SkipTheDripBayless|Ye\n|\n|t:|1625979596\n|switch|p2a: Slowking|Slowking-Galar, F|100\/100\n|-damage|p2a: Slowking|88\/100|[from] Stealth Rock\n|move|p1a: ashes|Flamethrower|p2a: Slowking\n|-damage|p2a: Slowking|54\/100\n|-status|p2a: Slowking|brn\n|\n|-damage|p1a: ashes|82\/100 tox|[from] psn\n|-damage|p2a: Slowking|48\/100 brn|[from] brn\n|upkeep\n|turn|11\n|\n|t:|1625979613\n|switch|p2a: Tornadus|Tornadus-Therian, M|80\/100 par\n|move|p1a: ashes|Quiver Dance|p1a: ashes\n|-boost|p1a: ashes|spa|1\n|-boost|p1a: ashes|spd|1\n|-boost|p1a: ashes|spe|1\n|\n|-damage|p1a: ashes|64\/100 tox|[from] psn\n|upkeep\n|turn|12\n|\n|t:|1625979622\n|switch|p2a: Hydreigon|Hydreigon, F, shiny|100\/100\n|-damage|p2a: Hydreigon|88\/100|[from] Stealth Rock\n|move|p1a: ashes|Flamethrower|p2a: Hydreigon\n|-resisted|p2a: Hydreigon\n|-damage|p2a: Hydreigon|30\/100\n|\n|-damage|p1a: ashes|39\/100 tox|[from] psn\n|upkeep\n|turn|13\n|\n|t:|1625979635\n|move|p1a: ashes|Flamethrower|p2a: Hydreigon\n|-resisted|p2a: Hydreigon\n|-damage|p2a: Hydreigon|0 fnt\n|faint|p2a: Hydreigon\n|\n|-damage|p1a: ashes|8\/100 tox|[from] psn\n|upkeep\n|\n|t:|1625979637\n|switch|p2a: Slowking|Slowking-Galar, F|81\/100 brn\n|-damage|p2a: Slowking|69\/100 brn|[from] Stealth Rock\n|turn|14\n|\n|t:|1625979643\n|move|p1a: ashes|Flamethrower|p2a: Slowking\n|-damage|p2a: Slowking|22\/100 brn\n|move|p2a: Slowking|Future Sight|p1a: ashes\n|-start|p2a: Slowking|move: Future Sight\n|\n|-damage|p1a: ashes|0 fnt|[from] psn\n|faint|p1a: ashes\n|-damage|p2a: Slowking|16\/100 brn|[from] brn\n|upkeep\n|\n|t:|1625979656\n|switch|p1a: Diablos|Garchomp, F|100\/100\n|turn|15\n|\n|t:|1625979658\n|move|p1a: Diablos|Swords Dance|p1a: Diablos\n|-boost|p1a: Diablos|atk|2\n|move|p2a: Slowking|Ice Beam|p1a: Diablos\n|-supereffective|p1a: Diablos\n|-damage|p1a: Diablos|0 fnt\n|faint|p1a: Diablos\n|\n|-damage|p2a: Slowking|10\/100 brn|[from] brn\n|upkeep\n|\n|t:|1625979677\n|switch|p1a: Vaal Hazak|Dragapult, M|100\/100\n|turn|16\n|c|\u2606SkipTheDripBayless|Don\u2019t go toge\n|c|\u2606SkipTheDripBayless|pls\n|\n|t:|1625979693\n|switch|p2a: Tornadus|Tornadus-Therian, M|100\/100 par\n|move|p1a: Vaal Hazak|Dragon Darts|p2a: Tornadus\n|-damage|p2a: Tornadus|69\/100 par\n|-anim|p1a: Vaal Hazak|Dragon Darts|p2a: Tornadus\n|-damage|p2a: Tornadus|41\/100 par\n|\n|-end|p1a: Vaal Hazak|move: Future Sight\n|-damage|p1a: Vaal Hazak|28\/100\n|-heal|p1a: Vaal Hazak|34\/100|[from] item: Leftovers\n|upkeep\n|turn|17\n|\n|t:|1625979706\n|switch|p2a: Hippowdon|Hippowdon, F|45\/100\n|-damage|p2a: Hippowdon|39\/100|[from] Stealth Rock\n|-weather|Sandstorm|[from] ability: Sand Stream|[of] p2a: Hippowdon\n|move|p1a: Vaal Hazak|Substitute|p1a: Vaal Hazak\n|-start|p1a: Vaal Hazak|Substitute\n|-damage|p1a: Vaal Hazak|9\/100\n|\n|-weather|Sandstorm|[upkeep]\n|-damage|p1a: Vaal Hazak|3\/100|[from] Sandstorm\n|-heal|p1a: Vaal Hazak|9\/100|[from] item: Leftovers\n|-heal|p2a: Hippowdon|45\/100|[from] item: Leftovers\n|upkeep\n|turn|18\n|c|\u2606LT81YL slainey|i can do way worse\n|\n|t:|1625979713\n|move|p1a: Vaal Hazak|Dragon Darts|p2a: Hippowdon\n|-damage|p2a: Hippowdon|29\/100\n|-anim|p1a: Vaal Hazak|Dragon Darts|p2a: Hippowdon\n|-damage|p2a: Hippowdon|12\/100\n|move|p2a: Hippowdon|Stealth Rock|p1a: Vaal Hazak\n|-sidestart|p1: LT81YL slainey|move: Stealth Rock\n|\n|-weather|Sandstorm|[upkeep]\n|-damage|p1a: Vaal Hazak|3\/100|[from] Sandstorm\n|-heal|p1a: Vaal Hazak|9\/100|[from] item: Leftovers\n|-heal|p2a: Hippowdon|18\/100|[from] item: Leftovers\n|upkeep\n|turn|19\n|\n|t:|1625979719\n|switch|p2a: Skarmory|Skarmory, M, shiny|100\/100\n|-damage|p2a: Skarmory|88\/100|[from] Stealth Rock\n|move|p1a: Vaal Hazak|Dragon Darts|p2a: Skarmory\n|-resisted|p2a: Skarmory\n|-damage|p2a: Skarmory|80\/100\n|-anim|p1a: Vaal Hazak|Dragon Darts|p2a: Skarmory\n|-resisted|p2a: Skarmory\n|-damage|p2a: Skarmory|74\/100\n|\n|-weather|Sandstorm|[upkeep]\n|-damage|p1a: Vaal Hazak|3\/100|[from] Sandstorm\n|-heal|p1a: Vaal Hazak|9\/100|[from] item: Leftovers\n|upkeep\n|turn|20\n|\n|t:|1625979721\n|move|p1a: Vaal Hazak|Thunder Wave|p2a: Skarmory\n|-status|p2a: Skarmory|par\n|move|p2a: Skarmory|Taunt|p1a: Vaal Hazak\n|-start|p1a: Vaal Hazak|move: Taunt\n|\n|-weather|Sandstorm|[upkeep]\n|-damage|p1a: Vaal Hazak|3\/100|[from] Sandstorm\n|-heal|p1a: Vaal Hazak|9\/100|[from] item: Leftovers\n|upkeep\n|turn|21\n|c|\u2606LT81YL slainey|u will regret\n|c|\u2606LT81YL slainey|those rocks\n|\n|t:|1625979730\n|move|p1a: Vaal Hazak|Hex|p2a: Skarmory\n|-damage|p2a: Skarmory|3\/100 par\n|cant|p2a: Skarmory|par\n|\n|-weather|none\n|-heal|p1a: Vaal Hazak|15\/100|[from] item: Leftovers\n|upkeep\n|turn|22\n|c|\u2606LT81YL slainey|sorry bro was just\n|c|\u2606SkipTheDripBayless|I see now\n|c|\u2606LT81YL slainey|**MAXIMIZING**\n|c|\u2606LT81YL slainey|the odds.\n|c|\u2606SkipTheDripBayless|corv over skatm\n|c|\u2606SkipTheDripBayless|idk\n|c|\u2606SkipTheDripBayless|i don\u2019t like skarm\n|\n|t:|1625979771\n|move|p1a: Vaal Hazak|Hex|p2a: Skarmory\n|-damage|p2a: Skarmory|0 fnt\n|faint|p2a: Skarmory\n|\n|-heal|p1a: Vaal Hazak|21\/100|[from] item: Leftovers\n|upkeep\n|c|\u2606SkipTheDripBayless|poli covers it\u2019s role\n|c|\u2606SkipTheDripBayless|kinda\n|c|\u2606SkipTheDripBayless|gg\n|\n|t:|1625979787\n|switch|p2a: Slowking|Slowking-Galar, F|43\/100 brn\n|-damage|p2a: Slowking|31\/100 brn|[from] Stealth Rock\n|turn|23\n|\n|t:|1625979803\n|switch|p2a: Hippowdon|Hippowdon, F|18\/100\n|-damage|p2a: Hippowdon|12\/100|[from] Stealth Rock\n|-weather|Sandstorm|[from] ability: Sand Stream|[of] p2a: Hippowdon\n|move|p1a: Vaal Hazak|Hex|p2a: Hippowdon\n|-damage|p2a: Hippowdon|0 fnt\n|faint|p2a: Hippowdon\n|\n|-weather|Sandstorm|[upkeep]\n|-damage|p1a: Vaal Hazak|15\/100|[from] Sandstorm\n|-heal|p1a: Vaal Hazak|21\/100|[from] item: Leftovers\n|-end|p1a: Vaal Hazak|move: Taunt\n|upkeep\n|\n|t:|1625979815\n|switch|p2a: Slowking|Slowking-Galar, F|64\/100 brn\n|-damage|p2a: Slowking|52\/100 brn|[from] Stealth Rock\n|turn|24\n|\n|t:|1625979821\n|move|p1a: Vaal Hazak|Hex|p2a: Slowking\n|-supereffective|p2a: Slowking\n|-damage|p2a: Slowking|3\/100 brn\n|move|p2a: Slowking|Future Sight|p1a: Vaal Hazak\n|-start|p2a: Slowking|move: Future Sight\n|\n|-weather|Sandstorm|[upkeep]\n|-damage|p1a: Vaal Hazak|15\/100|[from] Sandstorm\n|-damage|p2a: Slowking|0 fnt|[from] Sandstorm\n|faint|p2a: Slowking\n|-heal|p1a: Vaal Hazak|21\/100|[from] item: Leftovers\n|upkeep\n|\n|t:|1625979825\n|switch|p2a: Tornadus|Tornadus-Therian, M|74\/100 par\n|turn|25\n|\n|t:|1625979829\n|move|p1a: Vaal Hazak|Hex|p2a: Tornadus\n|-damage|p2a: Tornadus|20\/100 par\n|move|p2a: Tornadus|Knock Off|p1a: Vaal Hazak\n|-supereffective|p1a: Vaal Hazak\n|-end|p1a: Vaal Hazak|Substitute\n|\n|-weather|Sandstorm|[upkeep]\n|-damage|p1a: Vaal Hazak|15\/100|[from] Sandstorm\n|-damage|p2a: Tornadus|13\/100 par|[from] Sandstorm\n|-heal|p1a: Vaal Hazak|21\/100|[from] item: Leftovers\n|upkeep\n|turn|26\n|\n|t:|1625979836\n|move|p1a: Vaal Hazak|Dragon Darts|p2a: Tornadus\n|-damage|p2a: Tornadus|0 fnt\n|faint|p2a: Tornadus\n|\n|-weather|Sandstorm|[upkeep]\n|-damage|p1a: Vaal Hazak|15\/100|[from] Sandstorm\n|-end|p1a: Vaal Hazak|move: Future Sight\n|-damage|p1a: Vaal Hazak|0 fnt\n|faint|p1a: Vaal Hazak\n|upkeep\n|c|\u2606LT81YL slainey|i wanna flinnch.\n|\n|t:|1625979845\n|switch|p2a: Poliwrath|Poliwrath, M, shiny|100\/100 slp\n|switch|p1a: Perfect Defense|Cloyster, M|94\/100\n|-damage|p1a: Perfect Defense|69\/100|[from] Stealth Rock\n|-damage|p2a: Poliwrath|94\/100 slp|[from] Stealth Rock\n|turn|27\n|\n|t:|1625979852\n|move|p1a: Perfect Defense|Shell Smash|p1a: Perfect Defense\n|-unboost|p1a: Perfect Defense|def|1\n|-unboost|p1a: Perfect Defense|spd|1\n|-boost|p1a: Perfect Defense|atk|2\n|-boost|p1a: Perfect Defense|spa|2\n|-boost|p1a: Perfect Defense|spe|2\n|cant|p2a: Poliwrath|slp\n|move|p2a: Poliwrath|Sleep Talk|p2a: Poliwrath\n|move|p2a: Poliwrath|Rest||[from]move: Sleep Talk|[still]\n|-fail|p2a: Poliwrath\n|\n|-weather|none\n|-heal|p2a: Poliwrath|100\/100 slp|[from] item: Leftovers\n|upkeep\n|turn|28\n|\n|t:|1625979861\n|move|p1a: Perfect Defense|Icicle Spear|p2a: Poliwrath\n|-resisted|p2a: Poliwrath\n|-damage|p2a: Poliwrath|93\/100 slp\n|-resisted|p2a: Poliwrath\n|-damage|p2a: Poliwrath|85\/100 slp\n|-resisted|p2a: Poliwrath\n|-damage|p2a: Poliwrath|77\/100 slp\n|-resisted|p2a: Poliwrath\n|-damage|p2a: Poliwrath|68\/100 slp\n|-resisted|p2a: Poliwrath\n|-damage|p2a: Poliwrath|61\/100 slp\n|-hitcount|p2a: Poliwrath|5\n|cant|p2a: Poliwrath|slp\n|cant|p2a: Poliwrath|flinch\n|\n|-heal|p2a: Poliwrath|67\/100 slp|[from] item: Leftovers\n|upkeep\n|turn|29\n|c|\u2606LT81YL slainey|shoulda maximized the odds better\n|c|\u2606LT81YL slainey|tsk tsk tsk\n|\n|t:|1625979884\n|move|p1a: Perfect Defense|Icicle Spear|p2a: Poliwrath\n|-resisted|p2a: Poliwrath\n|-damage|p2a: Poliwrath|60\/100 slp\n|-resisted|p2a: Poliwrath\n|-damage|p2a: Poliwrath|52\/100 slp\n|-resisted|p2a: Poliwrath\n|-damage|p2a: Poliwrath|45\/100 slp\n|-resisted|p2a: Poliwrath\n|-damage|p2a: Poliwrath|38\/100 slp\n|-resisted|p2a: Poliwrath\n|-damage|p2a: Poliwrath|30\/100 slp\n|-hitcount|p2a: Poliwrath|5\n|-curestatus|p2a: Poliwrath|slp|[msg]\n|move|p2a: Poliwrath|Drain Punch|p1a: Perfect Defense\n|-supereffective|p1a: Perfect Defense\n|-damage|p1a: Perfect Defense|4\/100\n|-heal|p2a: Poliwrath|51\/100|[from] drain|[of] p1a: Perfect Defense\n|\n|-heal|p2a: Poliwrath|57\/100|[from] item: Leftovers\n|upkeep\n|turn|30\n|c|\u2606SkipTheDripBayless|I\u2019m trying \ud83d\ude0e\n|\n|t:|1625979896\n|move|p1a: Perfect Defense|Icicle Spear|p2a: Poliwrath\n|-resisted|p2a: Poliwrath\n|-damage|p2a: Poliwrath|49\/100\n|-resisted|p2a: Poliwrath\n|-damage|p2a: Poliwrath|41\/100\n|-resisted|p2a: Poliwrath\n|-damage|p2a: Poliwrath|34\/100\n|-resisted|p2a: Poliwrath\n|-damage|p2a: Poliwrath|27\/100\n|-resisted|p2a: Poliwrath\n|-damage|p2a: Poliwrath|19\/100\n|-hitcount|p2a: Poliwrath|5\n|move|p2a: Poliwrath|Scald|p1a: Perfect Defense\n|-resisted|p1a: Perfect Defense\n|-crit|p1a: Perfect Defense\n|-damage|p1a: Perfect Defense|0 fnt\n|faint|p1a: Perfect Defense\n|\n|-heal|p2a: Poliwrath|25\/100|[from] item: Leftovers\n|upkeep\n|\n|t:|1625979912\n|switch|p1a: Amatsu|Togekiss, M|100\/100\n|-damage|p1a: Amatsu|76\/100|[from] Stealth Rock\n|turn|31\n|\n|t:|1625979921\n|move|p1a: Amatsu|Substitute|p1a: Amatsu\n|-start|p1a: Amatsu|Substitute\n|-damage|p1a: Amatsu|51\/100\n|move|p2a: Poliwrath|Scald|p1a: Amatsu\n|-activate|p1a: Amatsu|move: Substitute|[damage]\n|\n|-heal|p2a: Poliwrath|31\/100|[from] item: Leftovers\n|upkeep\n|turn|32\n|c|\u2606LT81YL slainey|owned.\n|c|\u2606LT81YL slainey|gg\n|\n|t:|1625979928\n|move|p1a: Amatsu|Air Slash|p2a: Poliwrath\n|-supereffective|p2a: Poliwrath\n|-damage|p2a: Poliwrath|0 fnt\n|faint|p2a: Poliwrath\n|\n|win|LT81YL slainey\n|l|\u2606SkipTheDripBayless\n|l|\u2606LT81YL slainey\n|j|\u2606LT81YL slainey\n|player|p1|LT81YL slainey|iris-gen5bw2\n","uploadtime":1625980313,"views":83,"p1id":"lt81ylslainey","p2id":"skipthedripbayless","formatid":"gen8ou","rating":0,"private":0,"password":null}