{"id":"gen8multibility-1438987887","p1":"RichardPepper","p2":"xasahbae","format":"gen8multibility","log":"|j|\u2606RichardPepper\n|j|\u2606xasahbae\n|inactive|Battle timer is ON: inactive players will automatically lose when time's up.\n|t:|1634745466\n|gametype|singles\n|player|p1|RichardPepper|steven-gen3|\n|player|p2|xasahbae|lass-gen4dp|\n|teamsize|p1|6\n|teamsize|p2|6\n|gen|8\n|tier|[Gen 8] Multibility\n|rated|Tournament battle\n|rule|Species Clause: Limit one of each Pok\u00e9mon\n|rule|OHKO Clause: OHKO moves are banned\n|rule|Evasion Moves Clause: Evasion moves are banned\n|rule|Endless Battle Clause: Forcing endless battles is banned\n|rule|HP Percentage Mod: HP is shown in percentages\n|rule|Dynamax Clause: You cannot dynamax\n|rule|2 Ability Clause: Limit two of each ability\n|rule|Sleep Clause: Sleep-inducing moves are banned\n|clearpoke\n|poke|p1|Nihilego|\n|poke|p1|Cloyster, M|\n|poke|p1|Regieleki|\n|poke|p1|Heatran, F|\n|poke|p1|Tapu Koko|\n|poke|p1|Slowking-Galar, M|\n|poke|p2|Toxapex, M|\n|poke|p2|Clefable, M|\n|poke|p2|Heatran, M|\n|poke|p2|Excadrill, M|\n|poke|p2|Rillaboom, M|\n|poke|p2|Kyurem|\n|teampreview\n|j|*Lady Monita \u263d\n|c|\u2606RichardPepper|hf\n|j| kelisaweb\n|j| Class S Rank 1\n|j| Kiruuki\n|j| fluffball16\n|c|\u2606xasahbae|u2\n|j| Ayeitsparker\n|c| kelisaweb|win\n|j| fasdf34vdfa2w\n|c| Class S Rank 1|How do you actually set the other abilities?\n|c| Class S Rank 1|I tried, but no go.\n|inactive|xasahbae has 120 seconds left.\n|\n|t:|1634745497\n|start\n|switch|p1a: Heatran|Heatran, F|100\/100\n|switch|p2a: Excadrill|Excadrill, M|100\/100\n|-ability|p2a: Excadrill|Mold Breaker\n|turn|1\n|j| Falconsinho\n|c|\u2606RichardPepper|u can write their name in the item space\n|c|\u2606RichardPepper|the problem is that u have to know the correct name\n|c|\u2606xasahbae|^\n|c|\u2606RichardPepper|there's no suggestion\n|l| kelisaweb\n|inactive|RichardPepper has 120 seconds left.\n|\n|t:|1634745538\n|move|p2a: Excadrill|High Horsepower|p1a: Heatran\n|-supereffective|p1a: Heatran\n|-damage|p1a: Heatran|0 fnt\n|faint|p1a: Heatran\n|-ability|p2a: Excadrill|Moxie|boost\n|-boost|p2a: Excadrill|atk|1\n|\n|upkeep\n|c| Class S Rank 1|I have to write the name of the ability in the item section\n|c|\u2606xasahbae|yeah\n|\n|t:|1634745555\n|switch|p1a: Cloyster|Cloyster, M|100\/100\n|turn|2\n|c|\u2606xasahbae|make sure the ability's name is correct\n|c| Class S Rank 1|Seems kind of a decent trade-off\n|\n|t:|1634745564\n|move|p2a: Excadrill|Iron Head|p1a: Cloyster\n|-damage|p1a: Cloyster|43\/100\n|cant|p1a: Cloyster|flinch\n|\n|upkeep\n|turn|3\n|c|\u2606RichardPepper|oh\n|inactive|RichardPepper has 120 seconds left.\n|c|\u2606RichardPepper|this hurts\n|c| Class S Rank 1|Items gone for an extra ability\n|c| Class S Rank 1|Oof\n|j| JesusNOIR\n|c|\u2606xasahbae|yeah, mb\n|\n|t:|1634745587\n|move|p2a: Excadrill|Iron Head|p1a: Cloyster\n|-damage|p1a: Cloyster|0 fnt\n|faint|p1a: Cloyster\n|-ability|p2a: Excadrill|Moxie|boost\n|-boost|p2a: Excadrill|atk|1\n|\n|upkeep\n|c|\u2606xasahbae|:\/\n|c|\u2606RichardPepper|gg\n|-message|RichardPepper forfeited.\n|\n|win|xasahbae\n|n|\u2606RichardPepper|richardpepper\n|n|\u2606xasahbae|xasahbae\n|n|*Lady Monita \u263d|ladymonita\n|n| Class S Rank 1|classsrank1\n|n| Kiruuki|kiruuki\n|n| fluffball16|fluffball16\n|n| Ayeitsparker|ayeitsparker\n|n| fasdf34vdfa2w|fasdf34vdfa2w\n|n| Falconsinho|falconsinho\n|n| JesusNOIR|jesusnoir\n","uploadtime":1634745596,"views":7,"p1id":"richardpepper","p2id":"xasahbae","formatid":"gen8multibility","rating":0,"private":0,"password":null}