{"id":"gen8ou-1689861722","p1":"TestingTesting1","p2":"Lucians Call","format":"gen8ou","log":"|html|<div class=\"broadcast-blue\"><strong>[Gen 8] OU is currently suspecting Melmetal! For information on how to participate check out the <a href=\"https:\/\/www.smogon.com\/forums\/threads\/np-ss-ou-suspect-process-round-12-monster-mash.3709234\/\">suspect thread<\/a>.<\/strong><\/div>\n|j|\u2606TestingTesting1\n|j|\u2606Lucians Call\n|t:|1666210274\n|gametype|singles\n|player|p1|TestingTesting1|101|1711\n|player|p2|Lucians Call|furisodegirl-blue|1787\n|teamsize|p1|6\n|teamsize|p2|6\n|gen|8\n|tier|[Gen 8] OU\n|rated|\n|rule|Sleep Clause Mod: Limit one foe put to sleep\n|rule|Species Clause: Limit one of each Pok\u00e9mon\n|rule|OHKO Clause: OHKO moves are banned\n|rule|Evasion Items Clause: Evasion items are banned\n|rule|Evasion Moves Clause: Evasion moves are banned\n|rule|Endless Battle Clause: Forcing endless battles is banned\n|rule|HP Percentage Mod: HP is shown in percentages\n|rule|Dynamax Clause: You cannot dynamax\n|clearpoke\n|poke|p1|Heatran, M|\n|poke|p1|Dragapult, F|\n|poke|p1|Sharpedo, F|\n|poke|p1|Melmetal|\n|poke|p1|Rillaboom, F|\n|poke|p1|Landorus-Therian, M|\n|poke|p2|Slowking-Galar, F|\n|poke|p2|Volcarona, M|\n|poke|p2|Tornadus-Therian, M|\n|poke|p2|Ferrothorn, F|\n|poke|p2|Garchomp, F|\n|poke|p2|Zeraora|\n|teampreview\n|\n|t:|1666210286\n|start\n|switch|p1a: Heatran|Heatran, M|100\/100\n|switch|p2a: Volcarona|Volcarona, M|100\/100\n|-item|p1a: Heatran|Air Balloon\n|turn|1\n|inactive|Battle timer is ON: inactive players will automatically lose when time's up. (requested by Lucians Call)\n|\n|t:|1666210294\n|switch|p2a: Tornadus|Tornadus-Therian, M|100\/100\n|move|p1a: Heatran|Eruption|p2a: Tornadus\n|-damage|p2a: Tornadus|19\/100\n|\n|upkeep\n|turn|2\n|\n|t:|1666210301\n|move|p2a: Tornadus|U-turn|p1a: Heatran\n|-resisted|p1a: Heatran\n|-damage|p1a: Heatran|97\/100\n|-enditem|p1a: Heatran|Air Balloon\n|\n|t:|1666210303\n|switch|p2a: Garchomp|Garchomp, F|100\/100|[from]move: U-turn\n|move|p1a: Heatran|Eruption|p2a: Garchomp\n|-resisted|p2a: Garchomp\n|-damage|p2a: Garchomp|75\/100\n|\n|-heal|p2a: Garchomp|82\/100|[from] item: Leftovers\n|upkeep\n|turn|3\n|j| tapu moxo\n|\n|t:|1666210314\n|switch|p1a: Landorus|Landorus-Therian, M|100\/100\n|-ability|p1a: Landorus|Intimidate|boost\n|-unboost|p2a: Garchomp|atk|1\n|move|p2a: Garchomp|Earthquake|p1a: Landorus\n|-immune|p1a: Landorus\n|\n|-heal|p2a: Garchomp|88\/100|[from] item: Leftovers\n|upkeep\n|turn|4\n|\n|t:|1666210323\n|move|p2a: Garchomp|Toxic|p1a: Landorus\n|-status|p1a: Landorus|tox\n|move|p1a: Landorus|Toxic|p2a: Garchomp\n|-status|p2a: Garchomp|tox\n|\n|-heal|p2a: Garchomp|94\/100 tox|[from] item: Leftovers\n|-damage|p2a: Garchomp|88\/100 tox|[from] psn\n|-damage|p1a: Landorus|94\/100 tox|[from] psn\n|upkeep\n|turn|5\n|\n|t:|1666210334\n|move|p2a: Garchomp|Stealth Rock|p1a: Landorus\n|-sidestart|p1: TestingTesting1|move: Stealth Rock\n|move|p1a: Landorus|Earthquake|p2a: Garchomp\n|-damage|p2a: Garchomp|48\/100 tox\n|\n|-heal|p2a: Garchomp|54\/100 tox|[from] item: Leftovers\n|-heal|p1a: Landorus|100\/100 tox|[from] item: Leftovers\n|-damage|p2a: Garchomp|41\/100 tox|[from] psn\n|-damage|p1a: Landorus|88\/100 tox|[from] psn\n|upkeep\n|turn|6\n|\n|t:|1666210344\n|switch|p2a: Tornadus|Tornadus-Therian, M|52\/100\n|move|p1a: Landorus|Stealth Rock|p2a: Tornadus\n|-sidestart|p2: Lucians Call|move: Stealth Rock\n|\n|-heal|p1a: Landorus|94\/100 tox|[from] item: Leftovers\n|-damage|p1a: Landorus|76\/100 tox|[from] psn\n|upkeep\n|turn|7\n|\n|t:|1666210353\n|move|p2a: Tornadus|Icy Wind|p1a: Landorus\n|-supereffective|p1a: Landorus\n|-damage|p1a: Landorus|17\/100 tox\n|-unboost|p1a: Landorus|spe|1\n|move|p1a: Landorus|U-turn|p2a: Tornadus\n|-resisted|p2a: Tornadus\n|-damage|p2a: Tornadus|41\/100\n|\n|t:|1666210361\n|switch|p1a: Heatran|Heatran, M|97\/100|[from]move: U-turn\n|-damage|p1a: Heatran|85\/100|[from] Stealth Rock\n|\n|upkeep\n|turn|8\n|\n|t:|1666210370\n|move|p2a: Tornadus|U-turn|p1a: Heatran\n|-resisted|p1a: Heatran\n|-damage|p1a: Heatran|81\/100\n|\n|t:|1666210371\n|switch|p2a: Garchomp|Garchomp, F|41\/100 tox|[from]move: U-turn\n|-damage|p2a: Garchomp|35\/100 tox|[from] Stealth Rock\n|move|p1a: Heatran|Magma Storm|p2a: Garchomp|[miss]\n|-miss|p1a: Heatran|p2a: Garchomp\n|\n|-heal|p2a: Garchomp|41\/100 tox|[from] item: Leftovers\n|-damage|p2a: Garchomp|35\/100 tox|[from] psn\n|upkeep\n|turn|9\n|j|+Dragonillis\n|\n|t:|1666210383\n|switch|p1a: Landorus|Landorus-Therian, M|17\/100 tox\n|-damage|p1a: Landorus|4\/100 tox|[from] Stealth Rock\n|-ability|p1a: Landorus|Intimidate|boost\n|-unboost|p2a: Garchomp|atk|1\n|move|p2a: Garchomp|Earthquake|p1a: Landorus\n|-immune|p1a: Landorus\n|\n|-heal|p2a: Garchomp|41\/100 tox|[from] item: Leftovers\n|-heal|p1a: Landorus|10\/100 tox|[from] item: Leftovers\n|-damage|p2a: Garchomp|29\/100 tox|[from] psn\n|-damage|p1a: Landorus|4\/100 tox|[from] psn\n|upkeep\n|turn|10\n|\n|t:|1666210396\n|move|p2a: Garchomp|Protect|p2a: Garchomp\n|-singleturn|p2a: Garchomp|Protect\n|move|p1a: Landorus|U-turn|p2a: Garchomp\n|-activate|p2a: Garchomp|move: Protect\n|\n|-heal|p2a: Garchomp|35\/100 tox|[from] item: Leftovers\n|-heal|p1a: Landorus|10\/100 tox|[from] item: Leftovers\n|-damage|p2a: Garchomp|17\/100 tox|[from] psn\n|-damage|p1a: Landorus|0 fnt|[from] psn\n|faint|p1a: Landorus\n|upkeep\n|\n|t:|1666210414\n|switch|p1a: Sharpedo|Sharpedo, F|100\/100\n|-damage|p1a: Sharpedo|88\/100|[from] Stealth Rock\n|turn|11\n|\n|t:|1666210424\n|switch|p2a: Ferrothorn|Ferrothorn, F|100\/100\n|-damage|p2a: Ferrothorn|95\/100|[from] Stealth Rock\n|move|p1a: Sharpedo|Protect||[still]\n|-fail|p1a: Sharpedo\n|\n|-ability|p1a: Sharpedo|Speed Boost|boost\n|-boost|p1a: Sharpedo|spe|1\n|upkeep\n|turn|12\n|\n|t:|1666210436\n|move|p1a: Sharpedo|Dark Pulse|p2a: Ferrothorn\n|-damage|p2a: Ferrothorn|52\/100\n|-damage|p1a: Sharpedo|78\/100|[from] item: Life Orb\n|cant|p2a: Ferrothorn|flinch\n|\n|-ability|p1a: Sharpedo|Speed Boost|boost\n|-boost|p1a: Sharpedo|spe|1\n|upkeep\n|turn|13\n|\n|t:|1666210446\n|move|p1a: Sharpedo|Close Combat|p2a: Ferrothorn\n|-supereffective|p2a: Ferrothorn\n|-damage|p2a: Ferrothorn|3\/100\n|-unboost|p1a: Sharpedo|def|1\n|-unboost|p1a: Sharpedo|spd|1\n|-damage|p1a: Sharpedo|66\/100|[from] ability: Iron Barbs|[of] p2a: Ferrothorn\n|-damage|p1a: Sharpedo|49\/100|[from] item: Rocky Helmet|[of] p2a: Ferrothorn\n|-damage|p1a: Sharpedo|39\/100|[from] item: Life Orb\n|move|p2a: Ferrothorn|Power Whip|p1a: Sharpedo\n|-supereffective|p1a: Sharpedo\n|-damage|p1a: Sharpedo|0 fnt\n|faint|p1a: Sharpedo\n|\n|upkeep\n|\n|t:|1666210468\n|switch|p1a: Dragapult|Dragapult, F|100\/100\n|-damage|p1a: Dragapult|88\/100|[from] Stealth Rock\n|turn|14\n|\n|t:|1666210485\n|move|p1a: Dragapult|Shadow Ball|p2a: Ferrothorn\n|-damage|p2a: Ferrothorn|0 fnt\n|faint|p2a: Ferrothorn\n|\n|upkeep\n|\n|t:|1666210489\n|switch|p2a: Zeraora|Zeraora|100\/100\n|-damage|p2a: Zeraora|88\/100|[from] Stealth Rock\n|turn|15\n|\n|t:|1666210506\n|switch|p1a: Heatran|Heatran, M|81\/100\n|-damage|p1a: Heatran|69\/100|[from] Stealth Rock\n|move|p2a: Zeraora|Knock Off|p1a: Heatran\n|-damage|p1a: Heatran|48\/100\n|\n|-heal|p2a: Zeraora|94\/100|[from] item: Leftovers\n|upkeep\n|turn|16\n|\n|t:|1666210524\n|move|p2a: Zeraora|Bulk Up|p2a: Zeraora\n|-boost|p2a: Zeraora|atk|1\n|-boost|p2a: Zeraora|def|1\n|move|p1a: Heatran|Earth Power|p2a: Zeraora\n|-supereffective|p2a: Zeraora\n|-damage|p2a: Zeraora|10\/100\n|\n|-heal|p2a: Zeraora|16\/100|[from] item: Leftovers\n|upkeep\n|turn|17\n|\n|t:|1666210540\n|move|p2a: Zeraora|Drain Punch|p1a: Heatran\n|-supereffective|p1a: Heatran\n|-crit|p1a: Heatran\n|-damage|p1a: Heatran|0 fnt\n|-heal|p2a: Zeraora|40\/100|[from] drain|[of] p1a: Heatran\n|faint|p1a: Heatran\n|\n|-heal|p2a: Zeraora|46\/100|[from] item: Leftovers\n|upkeep\n|\n|t:|1666210548\n|switch|p1a: Rillaboom|Rillaboom, F|100\/100\n|-damage|p1a: Rillaboom|88\/100|[from] Stealth Rock\n|-fieldstart|move: Grassy Terrain|[from] ability: Grassy Surge|[of] p1a: Rillaboom\n|turn|18\n|\n|t:|1666210555\n|switch|p2a: Tornadus|Tornadus-Therian, M|74\/100\n|move|p1a: Rillaboom|Knock Off|p2a: Tornadus\n|-damage|p2a: Tornadus|25\/100\n|-enditem|p2a: Tornadus|Heavy-Duty Boots|[from] move: Knock Off|[of] p1a: Rillaboom\n|-damage|p1a: Rillaboom|78\/100|[from] item: Life Orb\n|\n|-heal|p1a: Rillaboom|84\/100|[from] Grassy Terrain\n|upkeep\n|turn|19\n|\n|t:|1666210568\n|switch|p2a: Slowking|Slowking-Galar, F|100\/100\n|-damage|p2a: Slowking|88\/100|[from] Stealth Rock\n|move|p1a: Rillaboom|Grassy Glide|p2a: Slowking\n|-resisted|p2a: Slowking\n|-damage|p2a: Slowking|55\/100\n|-damage|p1a: Rillaboom|74\/100|[from] item: Life Orb\n|\n|-heal|p1a: Rillaboom|81\/100|[from] Grassy Terrain\n|-heal|p2a: Slowking|61\/100|[from] Grassy Terrain\n|upkeep\n|turn|20\n|\n|t:|1666210581\n|switch|p2a: Garchomp|Garchomp, F|17\/100 tox\n|-damage|p2a: Garchomp|10\/100 tox|[from] Stealth Rock\n|move|p1a: Rillaboom|Knock Off|p2a: Garchomp\n|-damage|p2a: Garchomp|0 fnt\n|-damage|p1a: Rillaboom|68\/100|[from] ability: Rough Skin|[of] p2a: Garchomp\n|-enditem|p2a: Garchomp|Leftovers|[from] move: Knock Off|[of] p1a: Rillaboom\n|faint|p2a: Garchomp\n|-damage|p1a: Rillaboom|58\/100|[from] item: Life Orb\n|\n|-heal|p1a: Rillaboom|64\/100|[from] Grassy Terrain\n|upkeep\n|\n|t:|1666210585\n|switch|p2a: Volcarona|Volcarona, M|100\/100\n|-damage|p2a: Volcarona|51\/100|[from] Stealth Rock\n|turn|21\n|j| BabyPigsAreLaughin\n|\n|t:|1666210599\n|switch|p1a: Dragapult|Dragapult, F|88\/100\n|-damage|p1a: Dragapult|76\/100|[from] Stealth Rock\n|move|p2a: Volcarona|Overheat|p1a: Dragapult\n|-resisted|p1a: Dragapult\n|-damage|p1a: Dragapult|3\/100\n|-unboost|p2a: Volcarona|spa|2\n|\n|-heal|p1a: Dragapult|9\/100|[from] Grassy Terrain\n|-heal|p2a: Volcarona|57\/100|[from] Grassy Terrain\n|upkeep\n|turn|22\n|\n|t:|1666210623\n|switch|p2a: Slowking|Slowking-Galar, F|94\/100\n|-damage|p2a: Slowking|82\/100|[from] Stealth Rock\n|move|p1a: Dragapult|Shadow Ball|p2a: Slowking\n|-supereffective|p2a: Slowking\n|-damage|p2a: Slowking|28\/100\n|\n|-heal|p1a: Dragapult|15\/100|[from] Grassy Terrain\n|-heal|p2a: Slowking|34\/100|[from] Grassy Terrain\n|-fieldend|move: Grassy Terrain\n|upkeep\n|turn|23\n|\n|t:|1666210635\n|move|p1a: Dragapult|Shadow Ball|p2a: Slowking\n|-supereffective|p2a: Slowking\n|-damage|p2a: Slowking|0 fnt\n|faint|p2a: Slowking\n|\n|upkeep\n|\n|t:|1666210637\n|switch|p2a: Zeraora|Zeraora|46\/100\n|-damage|p2a: Zeraora|34\/100|[from] Stealth Rock\n|turn|24\n|\n|t:|1666210647\n|switch|p1a: Melmetal|Melmetal|100\/100\n|-damage|p1a: Melmetal|94\/100|[from] Stealth Rock\n|move|p2a: Zeraora|Knock Off|p1a: Melmetal\n|-damage|p1a: Melmetal|78\/100\n|-enditem|p1a: Melmetal|Assault Vest|[from] move: Knock Off|[of] p2a: Zeraora\n|\n|-heal|p2a: Zeraora|40\/100|[from] item: Leftovers\n|upkeep\n|turn|25\n|\n|t:|1666210658\n|move|p2a: Zeraora|Bulk Up|p2a: Zeraora\n|-boost|p2a: Zeraora|atk|1\n|-boost|p2a: Zeraora|def|1\n|move|p1a: Melmetal|Double Iron Bash|p2a: Zeraora\n|-resisted|p2a: Zeraora\n|-damage|p2a: Zeraora|24\/100\n|-resisted|p2a: Zeraora\n|-damage|p2a: Zeraora|6\/100\n|-hitcount|p2a: Zeraora|2\n|\n|-heal|p2a: Zeraora|12\/100|[from] item: Leftovers\n|upkeep\n|turn|26\n|\n|t:|1666210677\n|move|p2a: Zeraora|Drain Punch|p1a: Melmetal\n|-supereffective|p1a: Melmetal\n|-damage|p1a: Melmetal|35\/100\n|-heal|p2a: Zeraora|42\/100|[from] drain|[of] p1a: Melmetal\n|move|p1a: Melmetal|Ice Punch|p2a: Zeraora\n|-damage|p2a: Zeraora|16\/100\n|\n|-heal|p2a: Zeraora|22\/100|[from] item: Leftovers\n|upkeep\n|turn|27\n|\n|t:|1666210688\n|move|p2a: Zeraora|Drain Punch|p1a: Melmetal\n|-supereffective|p1a: Melmetal\n|-damage|p1a: Melmetal|0 fnt\n|-heal|p2a: Zeraora|47\/100|[from] drain|[of] p1a: Melmetal\n|faint|p1a: Melmetal\n|\n|-heal|p2a: Zeraora|53\/100|[from] item: Leftovers\n|upkeep\n|\n|t:|1666210696\n|switch|p1a: Rillaboom|Rillaboom, F|64\/100\n|-damage|p1a: Rillaboom|52\/100|[from] Stealth Rock\n|-fieldstart|move: Grassy Terrain|[from] ability: Grassy Surge|[of] p1a: Rillaboom\n|turn|28\n|\n|t:|1666210717\n|switch|p2a: Volcarona|Volcarona, M|57\/100\n|-damage|p2a: Volcarona|7\/100|[from] Stealth Rock\n|move|p1a: Rillaboom|Grassy Glide|p2a: Volcarona\n|-resisted|p2a: Volcarona\n|-damage|p2a: Volcarona|0 fnt\n|faint|p2a: Volcarona\n|-damage|p1a: Rillaboom|42\/100|[from] item: Life Orb\n|\n|-heal|p1a: Rillaboom|48\/100|[from] Grassy Terrain\n|upkeep\n|\n|t:|1666210719\n|switch|p2a: Tornadus|Tornadus-Therian, M|58\/100\n|-damage|p2a: Tornadus|33\/100|[from] Stealth Rock\n|turn|29\n|inactive|Lucians Call has 120 seconds left.\n|inactive|Lucians Call has 90 seconds left.\n|\n|t:|1666210779\n|move|p1a: Rillaboom|Grassy Glide|p2a: Tornadus\n|-resisted|p2a: Tornadus\n|-damage|p2a: Tornadus|0 fnt\n|faint|p2a: Tornadus\n|-damage|p1a: Rillaboom|38\/100|[from] item: Life Orb\n|\n|-heal|p1a: Rillaboom|44\/100|[from] Grassy Terrain\n|upkeep\n|inactive|Lucians Call has 90 seconds left.\n|l|\u2606Lucians Call\n|inactive|Lucians Call disconnected and has a minute to reconnect!\n|player|p2|\n|j|\u2606Lucians Call\n|inactive|Lucians Call reconnected and has 50 seconds left.\n|player|p2|Lucians Call|furisodegirl-blue\n|-message|Lucians Call forfeited.\n|\n|win|TestingTesting1\n|raw|TestingTesting1's rating: 1711 &rarr; <strong>1735<\/strong><br \/>(+24 for winning)\n|raw|Lucians Call's rating: 1787 &rarr; <strong>1763<\/strong><br \/>(-24 for losing)\n|l|\u2606Lucians Call\n|l|\u2606TestingTesting1\n||Ladder isn't responding, score probably updated but might not have (Request timeout).\n","uploadtime":1666210873,"views":29,"p1id":"testingtesting1","p2id":"lucianscall","formatid":"gen8ou","rating":1735,"private":0,"password":null}