{"id":"gen8ou-1700492590","p1":"Mamaw31180","p2":"Spectre Ace","format":"gen8ou","log":"|j|\u2606Mamaw31180\n|j|\u2606Spectre Ace\n|t:|1667344916\n|gametype|singles\n|player|p1|Mamaw31180|lucas|1776\n|player|p2|Spectre Ace|juggler|1699\n|teamsize|p1|6\n|teamsize|p2|6\n|gen|8\n|tier|[Gen 8] OU\n|rated|\n|rule|Sleep Clause Mod: Limit one foe put to sleep\n|rule|Species Clause: Limit one of each Pok\u00e9mon\n|rule|OHKO Clause: OHKO moves are banned\n|rule|Evasion Items Clause: Evasion items are banned\n|rule|Evasion Moves Clause: Evasion moves are banned\n|rule|Endless Battle Clause: Forcing endless battles is banned\n|rule|HP Percentage Mod: HP is shown in percentages\n|rule|Dynamax Clause: You cannot dynamax\n|clearpoke\n|poke|p1|Kartana|\n|poke|p1|Blacephalon|\n|poke|p1|Landorus-Therian, M|\n|poke|p1|Slowbro, M|\n|poke|p1|Zapdos|\n|poke|p1|Tyranitar, F|\n|poke|p2|Raichu-Alola, F|\n|poke|p2|Tapu Koko|\n|poke|p2|Ferrothorn, F|\n|poke|p2|Mandibuzz, F|\n|poke|p2|Garchomp, M|\n|poke|p2|Heatran, F|\n|teampreview\n|\n|t:|1667344926\n|start\n|switch|p1a: Slowbro|Slowbro, M|100\/100\n|switch|p2a: Croft|Mandibuzz, F|100\/100\n|turn|1\n|inactive|Battle timer is ON: inactive players will automatically lose when time's up. (requested by Mamaw31180)\n|\n|t:|1667344933\n|switch|p2a: Booker|Tapu Koko|100\/100\n|-fieldstart|move: Electric Terrain|[from] ability: Electric Surge|[of] p2a: Booker\n|move|p1a: Slowbro|Teleport|p1a: Slowbro\n|\n|t:|1667344936\n|switch|p1a: Landorus|Landorus-Therian, M|100\/100|[from]move: Teleport\n|-ability|p1a: Landorus|Intimidate|boost\n|-unboost|p2a: Booker|atk|1\n|\n|upkeep\n|turn|2\n|inactive|Spectre Ace has 120 seconds left.\n|\n|t:|1667344988\n|switch|p2a: Sundowner|Ferrothorn, F|100\/100\n|move|p1a: Landorus|Stealth Rock|p2a: Sundowner\n|-sidestart|p2: Spectre Ace|move: Stealth Rock\n|\n|upkeep\n|turn|3\n|\n|t:|1667344992\n|switch|p1a: Zapdos|Zapdos|100\/100\n|move|p2a: Sundowner|Spikes|p1a: Zapdos\n|-sidestart|p1: Mamaw31180|Spikes\n|\n|upkeep\n|turn|4\n|j| toooomanyflies\n|inactive|Spectre Ace has 90 seconds left.\n|\n|t:|1667345023\n|switch|p2a: Kennedy|Heatran, F|100\/100\n|-damage|p2a: Kennedy|88\/100|[from] Stealth Rock\n|move|p1a: Zapdos|Heat Wave|p2a: Kennedy\n|-start|p2a: Kennedy|ability: Flash Fire\n|\n|-heal|p2a: Kennedy|94\/100|[from] item: Leftovers\n|upkeep\n|turn|5\n|\n|t:|1667345030\n|move|p1a: Zapdos|Volt Switch|p2a: Kennedy\n|-crit|p2a: Kennedy\n|-damage|p2a: Kennedy|64\/100\n|\n|t:|1667345033\n|switch|p1a: Tyranitar|Tyranitar, F|100\/100|[from]move: Volt Switch\n|-damage|p1a: Tyranitar|88\/100|[from] Spikes\n|-weather|Sandstorm|[from] ability: Sand Stream|[of] p1a: Tyranitar\n|move|p2a: Kennedy|Toxic|p1a: Tyranitar|[miss]\n|-miss|p2a: Kennedy|p1a: Tyranitar\n|\n|-weather|Sandstorm|[upkeep]\n|-heal|p2a: Kennedy|70\/100|[from] item: Leftovers\n|upkeep\n|turn|6\n|inactive|Spectre Ace has 90 seconds left.\n|j| ty-tyui\u21bb\n|inactive|Spectre Ace has 60 seconds left.\n|\n|t:|1667345087\n|-end|p2a: Kennedy|ability: Flash Fire|[silent]\n|switch|p2a: Sundowner|Ferrothorn, F|100\/100\n|-damage|p2a: Sundowner|94\/100|[from] Stealth Rock\n|move|p1a: Tyranitar|Stone Edge|p2a: Sundowner\n|-resisted|p2a: Sundowner\n|-damage|p2a: Sundowner|61\/100\n|\n|-weather|Sandstorm|[upkeep]\n|-heal|p2a: Sundowner|67\/100|[from] item: Leftovers\n|upkeep\n|turn|7\n|\n|t:|1667345094\n|switch|p1a: Zapdos|Zapdos|100\/100\n|move|p2a: Sundowner|Knock Off|p1a: Zapdos\n|-damage|p1a: Zapdos|84\/100\n|-enditem|p1a: Zapdos|Heavy-Duty Boots|[from] move: Knock Off|[of] p2a: Sundowner\n|\n|-weather|Sandstorm|[upkeep]\n|-damage|p1a: Zapdos|78\/100|[from] Sandstorm\n|-heal|p2a: Sundowner|74\/100|[from] item: Leftovers\n|upkeep\n|turn|8\n|inactive|Spectre Ace has 60 seconds left.\n|l|\u2606Spectre Ace\n|inactive|Spectre Ace disconnected and has a minute to reconnect!\n|player|p2|\n|inactive|Spectre Ace has 30 seconds left.\n|inactive|Spectre Ace has 20 seconds left.\n|inactive|Spectre Ace has 15 seconds left.\n|inactive|Spectre Ace has 10 seconds left.\n|j|\u2606Spectre Ace\n|inactive|Spectre Ace reconnected and has 10 seconds left.\n|player|p2|Spectre Ace|juggler\n|inactive|Spectre Ace has 5 seconds left.\n|\n|t:|1667345170\n|switch|p2a: Kennedy|Heatran, F|70\/100\n|-damage|p2a: Kennedy|58\/100|[from] Stealth Rock\n|move|p1a: Zapdos|Heat Wave|p2a: Kennedy\n|-start|p2a: Kennedy|ability: Flash Fire\n|\n|-weather|Sandstorm|[upkeep]\n|-damage|p1a: Zapdos|72\/100|[from] Sandstorm\n|-heal|p2a: Kennedy|64\/100|[from] item: Leftovers\n|-fieldend|move: Electric Terrain\n|upkeep\n|turn|9\n|inactive|Spectre Ace has 15 seconds left this turn.\n|\n|t:|1667345175\n|move|p1a: Zapdos|Volt Switch|p2a: Kennedy\n|-damage|p2a: Kennedy|46\/100\n|inactive|Spectre Ace has 20 seconds left this turn.\n|\n|t:|1667345177\n|switch|p1a: Tyranitar|Tyranitar, F|88\/100|[from]move: Volt Switch\n|-damage|p1a: Tyranitar|76\/100|[from] Spikes\n|move|p2a: Kennedy|Heavy Slam|p1a: Tyranitar\n|-supereffective|p1a: Tyranitar\n|-damage|p1a: Tyranitar|42\/100\n|\n|-weather|none\n|-heal|p2a: Kennedy|52\/100|[from] item: Leftovers\n|upkeep\n|turn|10\n|inactive|Spectre Ace has 30 seconds left this turn.\n|\n|t:|1667345182\n|-end|p2a: Kennedy|ability: Flash Fire|[silent]\n|switch|p2a: Crane|Garchomp, M|100\/100\n|-damage|p2a: Crane|94\/100|[from] Stealth Rock\n|move|p1a: Tyranitar|Stone Edge|p2a: Crane\n|-resisted|p2a: Crane\n|-crit|p2a: Crane\n|-damage|p2a: Crane|31\/100\n|\n|-heal|p2a: Crane|37\/100|[from] item: Leftovers\n|upkeep\n|turn|11\n|\n|t:|1667345189\n|move|p2a: Crane|Stealth Rock|p1a: Tyranitar\n|-sidestart|p1: Mamaw31180|move: Stealth Rock\n|move|p1a: Tyranitar|Stone Edge|p2a: Crane\n|-resisted|p2a: Crane\n|-damage|p2a: Crane|0 fnt\n|faint|p2a: Crane\n|\n|upkeep\n|\n|t:|1667345191\n|switch|p2a: Booker|Tapu Koko|100\/100\n|-damage|p2a: Booker|88\/100|[from] Stealth Rock\n|-fieldstart|move: Electric Terrain|[from] ability: Electric Surge|[of] p2a: Booker\n|turn|12\n|\n|t:|1667345195\n|switch|p1a: Landorus|Landorus-Therian, M|100\/100\n|-damage|p1a: Landorus|88\/100|[from] Stealth Rock\n|-ability|p1a: Landorus|Intimidate|boost\n|-unboost|p2a: Booker|atk|1\n|move|p2a: Booker|Dazzling Gleam|p1a: Landorus\n|-damage|p1a: Landorus|62\/100\n|\n|-heal|p1a: Landorus|68\/100|[from] item: Leftovers\n|upkeep\n|turn|13\n|\n|t:|1667345200\n|move|p2a: Booker|Dazzling Gleam|p1a: Landorus\n|-damage|p1a: Landorus|44\/100\n|move|p1a: Landorus|Earthquake|p2a: Booker\n|-supereffective|p2a: Booker\n|-damage|p2a: Booker|0 fnt\n|faint|p2a: Booker\n|\n|-heal|p1a: Landorus|50\/100|[from] item: Leftovers\n|upkeep\n|\n|t:|1667345203\n|switch|p2a: Valentine|Raichu-Alola, F, shiny|100\/100\n|-damage|p2a: Valentine|88\/100|[from] Stealth Rock\n|turn|14\n|\n|t:|1667345208\n|switch|p1a: Tyranitar|Tyranitar, F|42\/100\n|-damage|p1a: Tyranitar|30\/100|[from] Spikes\n|-damage|p1a: Tyranitar|18\/100|[from] Stealth Rock\n|-weather|Sandstorm|[from] ability: Sand Stream|[of] p1a: Tyranitar\n|move|p2a: Valentine|Surf|p1a: Tyranitar\n|-supereffective|p1a: Tyranitar\n|-damage|p1a: Tyranitar|0 fnt\n|faint|p1a: Tyranitar\n|-damage|p2a: Valentine|78\/100|[from] item: Life Orb\n|\n|-weather|Sandstorm|[upkeep]\n|-damage|p2a: Valentine|72\/100|[from] Sandstorm\n|upkeep\n|\n|t:|1667345215\n|switch|p1a: Zapdos|Zapdos|72\/100\n|-damage|p1a: Zapdos|47\/100|[from] Stealth Rock\n|turn|15\n|\n|t:|1667345219\n|move|p2a: Valentine|Rising Voltage|p1a: Zapdos\n|-damage|p1a: Zapdos|0 fnt\n|faint|p1a: Zapdos\n|-damage|p2a: Valentine|62\/100|[from] item: Life Orb\n|\n|-weather|Sandstorm|[upkeep]\n|-damage|p2a: Valentine|56\/100|[from] Sandstorm\n|upkeep\n|\n|t:|1667345232\n|switch|p1a: Slowbro|Slowbro, M|100\/100\n|-damage|p1a: Slowbro|88\/100|[from] Spikes\n|-damage|p1a: Slowbro|76\/100|[from] Stealth Rock\n|turn|16\n|\n|t:|1667345237\n|switch|p1a: Landorus|Landorus-Therian, M|50\/100\n|-damage|p1a: Landorus|38\/100|[from] Stealth Rock\n|-ability|p1a: Landorus|Intimidate|boost\n|-unboost|p2a: Valentine|atk|1\n|move|p2a: Valentine|Surf|p1a: Landorus\n|-supereffective|p1a: Landorus\n|-damage|p1a: Landorus|0 fnt\n|faint|p1a: Landorus\n|-damage|p2a: Valentine|46\/100|[from] item: Life Orb\n|\n|-weather|Sandstorm|[upkeep]\n|-damage|p2a: Valentine|40\/100|[from] Sandstorm\n|upkeep\n|\n|t:|1667345245\n|switch|p1a: Blacephalon|Blacephalon|100\/100\n|-damage|p1a: Blacephalon|88\/100|[from] Spikes\n|-damage|p1a: Blacephalon|64\/100|[from] Stealth Rock\n|turn|17\n|\n|t:|1667345248\n|move|p2a: Valentine|Rising Voltage|p1a: Blacephalon\n|-hint|Rising Voltage's BP doubled on grounded target.\n|-damage|p1a: Blacephalon|0 fnt\n|faint|p1a: Blacephalon\n|-damage|p2a: Valentine|30\/100|[from] item: Life Orb\n|\n|-weather|Sandstorm|[upkeep]\n|-damage|p2a: Valentine|24\/100|[from] Sandstorm\n|upkeep\n|\n|t:|1667345254\n|switch|p1a: Kartana|Kartana|100\/100\n|-damage|p1a: Kartana|88\/100|[from] Spikes\n|-damage|p1a: Kartana|82\/100|[from] Stealth Rock\n|turn|18\n|\n|t:|1667345256\n|move|p2a: Valentine|Rising Voltage|p1a: Kartana\n|-hint|Rising Voltage's BP doubled on grounded target.\n|-resisted|p1a: Kartana\n|-damage|p1a: Kartana|0 fnt\n|faint|p1a: Kartana\n|-damage|p2a: Valentine|14\/100|[from] item: Life Orb\n|\n|-weather|none\n|upkeep\n|\n|t:|1667345260\n|switch|p1a: Slowbro|Slowbro, M|100\/100\n|-damage|p1a: Slowbro|88\/100|[from] Spikes\n|-damage|p1a: Slowbro|76\/100|[from] Stealth Rock\n|turn|19\n|\n|t:|1667345262\n|move|p2a: Valentine|Rising Voltage|p1a: Slowbro\n|-hint|Rising Voltage's BP doubled on grounded target.\n|-supereffective|p1a: Slowbro\n|-damage|p1a: Slowbro|0 fnt\n|faint|p1a: Slowbro\n|-damage|p2a: Valentine|4\/100|[from] item: Life Orb\n|\n|win|Spectre Ace\n|raw|Mamaw31180's rating: 1776 &rarr; <strong>1751<\/strong><br \/>(-25 for losing)\n|raw|Spectre Ace's rating: 1678 &rarr; <strong>1703<\/strong><br \/>(+25 for winning)\n|l|\u2606Mamaw31180\n|l| toooomanyflies\n||Ladder isn't responding, score probably updated but might not have (Request timeout).\n","uploadtime":1667345269,"views":10,"p1id":"mamaw31180","p2id":"spectreace","formatid":"gen8ou","rating":1703,"private":0,"password":null}