{"id":"gen8ou-1222430736","p1":"Cubielubie","p2":"Daunzu","format":"gen8ou","log":"|j|\u2606Cubielubie\n|j|\u2606Daunzu\n|t:|1605220382\n|player|p1|Cubielubie|170|1459\n|player|p2|Daunzu|ingo|1423\n|teamsize|p1|6\n|teamsize|p2|6\n|gametype|singles\n|gen|8\n|tier|[Gen 8] OU\n|rated|\n|clearpoke\n|poke|p1|Klefki, F|\n|poke|p1|Zoroark, M|\n|poke|p1|Regieleki|\n|poke|p1|Tapu Koko|\n|poke|p1|Melmetal|\n|poke|p1|Kyurem-Black|\n|poke|p2|Tyranitar, F|\n|poke|p2|Nidoking, M|\n|poke|p2|Corviknight, M|\n|poke|p2|Melmetal|\n|poke|p2|Alakazam, M|\n|poke|p2|Tapu Koko|\n|rule|Sleep Clause Mod: Limit one foe put to sleep\n|rule|Species Clause: Limit one of each Pok\u00e9mon\n|rule|OHKO Clause: OHKO moves are banned\n|rule|Evasion Moves Clause: Evasion moves are banned\n|rule|Endless Battle Clause: Forcing endless battles is banned\n|rule|HP Percentage Mod: HP is shown in percentages\n|rule|Dynamax Clause: You cannot dynamax\n|teampreview\n|\n|t:|1605220391\n|start\n|switch|p1a: Regieleki|Regieleki|100\/100\n|switch|p2a: Nidoking|Nidoking, M|100\/100\n|turn|1\n|inactive|Battle timer is ON: inactive players will automatically lose when time's up. (requested by Daunzu)\n|\n|t:|1605220413\n|move|p1a: Regieleki|Trick|p2a: Nidoking\n|-activate|p1a: Regieleki|move: Trick|[of] p2a: Nidoking\n|-item|p2a: Nidoking|Ring Target|[from] move: Trick\n|-item|p1a: Regieleki|Life Orb|[from] move: Trick\n|move|p2a: Nidoking|Earth Power|p1a: Regieleki\n|-damage|p1a: Regieleki|6\/100\n|replace|p1a: Zoroark|Zoroark, M\n|-end|p1a: Zoroark|Illusion\n|\n|upkeep\n|turn|2\n|\n|t:|1605220423\n|move|p1a: Zoroark|Dark Pulse|p2a: Nidoking\n|-damage|p2a: Nidoking|27\/100\n|-damage|p1a: Zoroark|0 fnt|[from] item: Life Orb\n|faint|p1a: Zoroark\n|move|p2a: Nidoking|Sludge Wave|p1: Zoroark|[notarget]\n|-fail|p2a: Nidoking\n|\n|upkeep\n|\n|t:|1605220430\n|switch|p1a: Regieleki|Regieleki|100\/100\n|turn|3\n|\n|t:|1605220435\n|switch|p2a: Tyranitar|Tyranitar, F|100\/100\n|-weather|Sandstorm|[from] ability: Sand Stream|[of] p2a: Tyranitar\n|move|p1a: Regieleki|Volt Switch|p2a: Tyranitar\n|-damage|p2a: Tyranitar|62\/100\n|\n|t:|1605220439\n|switch|p1a: Melmetal|Melmetal|100\/100|[from]move: Volt Switch\n|\n|-weather|Sandstorm|[upkeep]\n|-heal|p2a: Tyranitar|68\/100|[from] item: Leftovers\n|upkeep\n|turn|4\n|\n|t:|1605220442\n|switch|p2a: Corviknight|Corviknight, M|100\/100\n|switch|p1a: Tapu Koko|Tapu Koko|100\/100\n|-fieldstart|move: Electric Terrain|[from] ability: Electric Surge|[of] p1a: Tapu Koko\n|\n|-weather|Sandstorm|[upkeep]\n|-damage|p1a: Tapu Koko|94\/100|[from] Sandstorm\n|upkeep\n|turn|5\n|\n|t:|1605220450\n|switch|p2a: Tapu Koko|Tapu Koko|100\/100\n|move|p1a: Tapu Koko|Volt Switch|p2a: Tapu Koko\n|-resisted|p2a: Tapu Koko\n|-damage|p2a: Tapu Koko|74\/100\n|\n|t:|1605220455\n|switch|p1a: Regieleki|Regieleki|100\/100|[from]move: Volt Switch\n|\n|-weather|Sandstorm|[upkeep]\n|-damage|p1a: Regieleki|94\/100|[from] Sandstorm\n|-damage|p2a: Tapu Koko|68\/100|[from] Sandstorm\n|upkeep\n|turn|6\n|\n|t:|1605220458\n|move|p1a: Regieleki|Rising Voltage|p2a: Tapu Koko\n|-resisted|p2a: Tapu Koko\n|-damage|p2a: Tapu Koko|0 fnt\n|faint|p2a: Tapu Koko\n|\n|-weather|Sandstorm|[upkeep]\n|-damage|p1a: Regieleki|88\/100|[from] Sandstorm\n|upkeep\n|\n|t:|1605220461\n|switch|p2a: Tyranitar|Tyranitar, F|68\/100\n|turn|7\n|inactive|Cubielubie has 120 seconds left.\n|inactive|Cubielubie has 90 seconds left.\n|\n|t:|1605220540\n|move|p1a: Regieleki|Rising Voltage|p2a: Tyranitar\n|-damage|p2a: Tyranitar|0 fnt\n|faint|p2a: Tyranitar\n|\n|-weather|none\n|upkeep\n|\n|t:|1605220544\n|switch|p2a: Alakazam|Alakazam, M|100\/100\n|turn|8\n|\n|t:|1605220551\n|switch|p1a: Klefki|Klefki, F|100\/100\n|move|p2a: Alakazam|Psyshock|p1a: Klefki\n|-resisted|p1a: Klefki\n|-damage|p1a: Klefki|82\/100\n|\n|upkeep\n|turn|9\n|\n|t:|1605220556\n|switch|p2a: Melmetal|Melmetal|100\/100\n|move|p1a: Klefki|Foul Play|p2a: Melmetal\n|-damage|p2a: Melmetal|80\/100\n|\n|upkeep\n|turn|10\n|\n|t:|1605220565\n|switch|p1a: Melmetal|Melmetal|100\/100\n|move|p2a: Melmetal|Double Iron Bash|p1a: Melmetal\n|-resisted|p1a: Melmetal\n|-damage|p1a: Melmetal|87\/100\n|-resisted|p1a: Melmetal\n|-damage|p1a: Melmetal|73\/100\n|-hitcount|p1a: Melmetal|2\n|\n|upkeep\n|turn|11\n|\n|t:|1605220569\n|switch|p2a: Corviknight|Corviknight, M|100\/100\n|move|p1a: Melmetal|Earthquake|p2a: Corviknight\n|-immune|p2a: Corviknight\n|\n|-fieldend|move: Electric Terrain\n|upkeep\n|turn|12\n|\n|t:|1605220571\n|switch|p1a: Tapu Koko|Tapu Koko|94\/100\n|-fieldstart|move: Electric Terrain|[from] ability: Electric Surge|[of] p1a: Tapu Koko\n|move|p2a: Corviknight|Body Press|p1a: Tapu Koko\n|-resisted|p1a: Tapu Koko\n|-damage|p1a: Tapu Koko|79\/100\n|\n|upkeep\n|turn|13\n|\n|t:|1605220574\n|move|p1a: Tapu Koko|Volt Switch|p2a: Corviknight\n|-supereffective|p2a: Corviknight\n|-damage|p2a: Corviknight|32\/100\n|\n|t:|1605220581\n|switch|p1a: Melmetal|Melmetal|73\/100|[from]move: Volt Switch\n|move|p2a: Corviknight|U-turn|p1a: Melmetal\n|-resisted|p1a: Melmetal\n|-damage|p1a: Melmetal|69\/100\n|\n|t:|1605220584\n|switch|p2a: Nidoking|Nidoking, M|27\/100|[from]move: U-turn\n|\n|upkeep\n|turn|14\n|\n|t:|1605220590\n|move|p2a: Nidoking|Earth Power|p1a: Melmetal\n|-supereffective|p1a: Melmetal\n|-damage|p1a: Melmetal|18\/100\n|move|p1a: Melmetal|Earthquake|p2a: Nidoking\n|-supereffective|p2a: Nidoking\n|-damage|p2a: Nidoking|0 fnt\n|faint|p2a: Nidoking\n|\n|upkeep\n|\n|t:|1605220598\n|switch|p2a: Alakazam|Alakazam, M|100\/100\n|turn|15\n|\n|t:|1605220601\n|switch|p1a: Klefki|Klefki, F|82\/100\n|move|p2a: Alakazam|Shadow Ball|p1a: Klefki\n|-damage|p1a: Klefki|45\/100\n|\n|upkeep\n|turn|16\n|\n|t:|1605220609\n|switch|p2a: Corviknight|Corviknight, M|32\/100\n|move|p1a: Klefki|Foul Play|p2a: Corviknight\n|-damage|p2a: Corviknight|20\/100\n|\n|-heal|p2a: Corviknight|26\/100|[from] item: Leftovers\n|upkeep\n|turn|17\n|\n|t:|1605220613\n|switch|p1a: Tapu Koko|Tapu Koko|79\/100\n|move|p2a: Corviknight|Roost|p2a: Corviknight\n|-heal|p2a: Corviknight|76\/100\n|-singleturn|p2a: Corviknight|move: Roost\n|\n|-heal|p2a: Corviknight|83\/100|[from] item: Leftovers\n|upkeep\n|turn|18\n|\n|t:|1605220616\n|move|p1a: Tapu Koko|Volt Switch|p2a: Corviknight\n|-supereffective|p2a: Corviknight\n|-damage|p2a: Corviknight|19\/100\n|\n|t:|1605220619\n|switch|p1a: Melmetal|Melmetal|18\/100|[from]move: Volt Switch\n|move|p2a: Corviknight|U-turn|p1a: Melmetal\n|-resisted|p1a: Melmetal\n|-damage|p1a: Melmetal|14\/100\n|\n|t:|1605220623\n|switch|p2a: Alakazam|Alakazam, M|100\/100|[from]move: U-turn\n|\n|upkeep\n|turn|19\n|\n|t:|1605220625\n|move|p2a: Alakazam|Shadow Ball|p1a: Melmetal\n|-damage|p1a: Melmetal|0 fnt\n|faint|p1a: Melmetal\n|\n|-fieldend|move: Electric Terrain\n|upkeep\n|\n|t:|1605220628\n|switch|p1a: Regieleki|Regieleki|88\/100\n|turn|20\n|\n|t:|1605220632\n|move|p1a: Regieleki|Volt Switch|p2a: Alakazam\n|-enditem|p2a: Alakazam|Focus Sash\n|-damage|p2a: Alakazam|1\/100\n|\n|t:|1605220639\n|switch|p1a: Klefki|Klefki, F|45\/100|[from]move: Volt Switch\n|move|p2a: Alakazam|Psyshock|p1a: Klefki\n|-resisted|p1a: Klefki\n|-damage|p1a: Klefki|27\/100\n|\n|upkeep\n|turn|21\n|\n|t:|1605220650\n|move|p1a: Klefki|Spikes|p2a: Alakazam\n|-sidestart|p2: Daunzu|Spikes\n|move|p2a: Alakazam|Shadow Ball|p1a: Klefki\n|-crit|p1a: Klefki\n|-damage|p1a: Klefki|0 fnt\n|faint|p1a: Klefki\n|\n|upkeep\n|\n|t:|1605220657\n|switch|p1a: Tapu Koko|Tapu Koko|79\/100\n|-fieldstart|move: Electric Terrain|[from] ability: Electric Surge|[of] p1a: Tapu Koko\n|turn|22\n|\n|t:|1605220660\n|move|p1a: Tapu Koko|Volt Switch|p2a: Alakazam\n|-damage|p2a: Alakazam|0 fnt\n|faint|p2a: Alakazam\n|\n|t:|1605220663\n|switch|p1a: Regieleki|Regieleki|88\/100|[from]move: Volt Switch\n|\n|upkeep\n|\n|t:|1605220666\n|switch|p2a: Melmetal|Melmetal|80\/100\n|-damage|p2a: Melmetal|68\/100|[from] Spikes\n|turn|23\n|\n|t:|1605220668\n|move|p1a: Regieleki|Rising Voltage|p2a: Melmetal\n|-damage|p2a: Melmetal|0 fnt\n|faint|p2a: Melmetal\n|\n|upkeep\n|-message|Daunzu forfeited.\n|\n|win|Cubielubie\n|l|\u2606Daunzu\n||Ladder (probably) updated, but score could not be retrieved (Request timeout).\n","uploadtime":1605221298,"views":13,"p1id":"cubielubie","p2id":"daunzu","formatid":"gen8ou","rating":0,"private":0,"password":null}