{"id":"gen8ou-1698968875","p1":"Nagima Yumemi","p2":"ChandosH","format":"gen8ou","log":"|j|\u2606Nagima Yumemi\n|j|\u2606ChandosH\n|t:|1667178979\n|gametype|singles\n|player|p1|Nagima Yumemi|swimmerf-gen4dp|1626\n|player|p2|ChandosH|n-masters|1754\n|teamsize|p1|6\n|teamsize|p2|6\n|gen|8\n|tier|[Gen 8] OU\n|rated|\n|rule|Sleep Clause Mod: Limit one foe put to sleep\n|rule|Species Clause: Limit one of each Pok\u00e9mon\n|rule|OHKO Clause: OHKO moves are banned\n|rule|Evasion Items Clause: Evasion items are banned\n|rule|Evasion Moves Clause: Evasion moves are banned\n|rule|Endless Battle Clause: Forcing endless battles is banned\n|rule|HP Percentage Mod: HP is shown in percentages\n|rule|Dynamax Clause: You cannot dynamax\n|clearpoke\n|poke|p1|Ninetales-Alola, F|\n|poke|p1|Weavile, M|\n|poke|p1|Volcarona, F|\n|poke|p1|Mew|\n|poke|p1|Garchomp, M|\n|poke|p1|Cloyster, F|\n|poke|p2|Toxapex, F|\n|poke|p2|Skarmory, M|\n|poke|p2|Clefable, M|\n|poke|p2|Tapu Koko|\n|poke|p2|Hippowdon, F|\n|poke|p2|Reuniclus, M|\n|teampreview\n|inactive|Battle timer is ON: inactive players will automatically lose when time's up. (requested by Nagima Yumemi)\n|\n|t:|1667178993\n|start\n|switch|p1a: Mew|Mew|100\/100\n|switch|p2a: Tapu Koko|Tapu Koko|100\/100\n|-fieldstart|move: Electric Terrain|[from] ability: Electric Surge|[of] p2a: Tapu Koko\n|turn|1\n|\n|t:|1667179003\n|move|p2a: Tapu Koko|Thunderbolt|p1a: Mew\n|-damage|p1a: Mew|60\/100\n|move|p1a: Mew|Stealth Rock|p2a: Tapu Koko\n|-sidestart|p2: ChandosH|move: Stealth Rock\n|\n|upkeep\n|turn|2\n|\n|t:|1667179009\n|move|p2a: Tapu Koko|Dazzling Gleam|p1a: Mew\n|-damage|p1a: Mew|33\/100\n|move|p1a: Mew|Spikes|p2a: Tapu Koko\n|-sidestart|p2: ChandosH|Spikes\n|\n|upkeep\n|turn|3\n|\n|t:|1667179012\n|move|p2a: Tapu Koko|Thunderbolt|p1a: Mew\n|-damage|p1a: Mew|0 fnt\n|faint|p1a: Mew\n|\n|upkeep\n|\n|t:|1667179021\n|switch|p1a: Volcarona|Volcarona, F|100\/100\n|turn|4\n|j| Routeamtester\n|j| Venomous Crunch\n|inactive|ChandosH has 120 seconds left.\n|\n|t:|1667179054\n|move|p2a: Tapu Koko|Volt Switch|p1a: Volcarona\n|-damage|p1a: Volcarona|60\/100\n|\n|t:|1667179059\n|switch|p2a: Hippowdon|Hippowdon, F|100\/100|[from]move: Volt Switch\n|-damage|p2a: Hippowdon|94\/100|[from] Stealth Rock\n|-damage|p2a: Hippowdon|82\/100|[from] Spikes\n|-weather|Sandstorm|[from] ability: Sand Stream|[of] p2a: Hippowdon\n|move|p1a: Volcarona|Quiver Dance|p1a: Volcarona\n|-boost|p1a: Volcarona|spa|1\n|-boost|p1a: Volcarona|spd|1\n|-boost|p1a: Volcarona|spe|1\n|\n|-weather|Sandstorm|[upkeep]\n|-damage|p1a: Volcarona|54\/100|[from] Sandstorm\n|-heal|p1a: Volcarona|60\/100|[from] item: Leftovers\n|-heal|p2a: Hippowdon|88\/100|[from] item: Leftovers\n|upkeep\n|turn|5\n|\n|t:|1667179067\n|move|p1a: Volcarona|Flamethrower|p2a: Hippowdon\n|-damage|p2a: Hippowdon|37\/100\n|move|p2a: Hippowdon|Earthquake|p1a: Volcarona\n|-damage|p1a: Volcarona|0 fnt\n|faint|p1a: Volcarona\n|\n|-weather|Sandstorm|[upkeep]\n|-heal|p2a: Hippowdon|43\/100|[from] item: Leftovers\n|-fieldend|move: Electric Terrain\n|upkeep\n|\n|t:|1667179086\n|switch|p1a: Garchomp|Garchomp, M|100\/100\n|turn|6\n|\n|t:|1667179103\n|move|p1a: Garchomp|Swords Dance|p1a: Garchomp\n|-boost|p1a: Garchomp|atk|2\n|move|p2a: Hippowdon|Toxic|p1a: Garchomp\n|-status|p1a: Garchomp|tox\n|\n|-weather|Sandstorm|[upkeep]\n|-heal|p2a: Hippowdon|50\/100|[from] item: Leftovers\n|-damage|p1a: Garchomp|94\/100 tox|[from] psn\n|upkeep\n|turn|7\n|\n|t:|1667179108\n|move|p1a: Garchomp|Scale Shot|p2a: Hippowdon\n|-damage|p2a: Hippowdon|27\/100\n|-damage|p2a: Hippowdon|3\/100\n|-damage|p2a: Hippowdon|0 fnt\n|faint|p2a: Hippowdon\n|-hitcount|p2: Hippowdon|3\n|-unboost|p1a: Garchomp|def|1\n|-boost|p1a: Garchomp|spe|1\n|-damage|p1a: Garchomp|85\/100 tox|[from] item: Life Orb\n|\n|-weather|Sandstorm|[upkeep]\n|-damage|p1a: Garchomp|72\/100 tox|[from] psn\n|upkeep\n|\n|t:|1667179126\n|switch|p2a: Skarmory|Skarmory, M|100\/100\n|-damage|p2a: Skarmory|88\/100|[from] Stealth Rock\n|turn|8\n|inactive|ChandosH has 120 seconds left.\n|c|\u2606ChandosH|honestly LO garchomp is cool\n|c|\u2606ChandosH|i used it before to kill clefables at +2\n|\n|t:|1667179163\n|move|p1a: Garchomp|Fire Fang|p2a: Skarmory\n|-supereffective|p2a: Skarmory\n|-damage|p2a: Skarmory|25\/100\n|-damage|p1a: Garchomp|56\/100 tox|[from] item: Rocky Helmet|[of] p2a: Skarmory\n|-damage|p1a: Garchomp|46\/100 tox|[from] item: Life Orb\n|move|p2a: Skarmory|Roost|p2a: Skarmory\n|-heal|p2a: Skarmory|75\/100\n|-singleturn|p2a: Skarmory|move: Roost\n|\n|-weather|none\n|-damage|p1a: Garchomp|27\/100 tox|[from] psn\n|upkeep\n|turn|9\n|\n|t:|1667179181\n|move|p1a: Garchomp|Fire Fang|p2a: Skarmory\n|-supereffective|p2a: Skarmory\n|-damage|p2a: Skarmory|2\/100\n|-damage|p1a: Garchomp|11\/100 tox|[from] item: Rocky Helmet|[of] p2a: Skarmory\n|-damage|p1a: Garchomp|1\/100 tox|[from] item: Life Orb\n|move|p2a: Skarmory|Roost|p2a: Skarmory\n|-heal|p2a: Skarmory|52\/100\n|-singleturn|p2a: Skarmory|move: Roost\n|\n|-damage|p1a: Garchomp|0 fnt|[from] psn\n|faint|p1a: Garchomp\n|upkeep\n|\n|t:|1667179184\n|switch|p1a: Weavile|Weavile, M, shiny|100\/100\n|-ability|p1a: Weavile|Pressure\n|turn|10\n|\n|t:|1667179192\n|move|p1a: Weavile|Swords Dance|p1a: Weavile\n|-boost|p1a: Weavile|atk|2\n|move|p2a: Skarmory|Body Press|p1a: Weavile\n|-supereffective|p1a: Weavile\n|-damage|p1a: Weavile|0 fnt\n|faint|p1a: Weavile\n|\n|upkeep\n|\n|t:|1667179197\n|switch|p1a: Cloyster|Cloyster, F|100\/100\n|turn|11\n|\n|t:|1667179201\n|move|p1a: Cloyster|Shell Smash|p1a: Cloyster\n|-unboost|p1a: Cloyster|def|1\n|-unboost|p1a: Cloyster|spd|1\n|-boost|p1a: Cloyster|atk|2\n|-boost|p1a: Cloyster|spa|2\n|-boost|p1a: Cloyster|spe|2\n|move|p2a: Skarmory|Body Press|p1a: Cloyster\n|-supereffective|p1a: Cloyster\n|-damage|p1a: Cloyster|20\/100\n|\n|upkeep\n|turn|12\n|c| Venomous Crunch|welp\n|\n|t:|1667179210\n|move|p1a: Cloyster|Icicle Spear|p2a: Skarmory\n|-damage|p2a: Skarmory|36\/100\n|-damage|p2a: Skarmory|19\/100\n|-damage|p2a: Skarmory|3\/100\n|-damage|p2a: Skarmory|0 fnt\n|faint|p2a: Skarmory\n|-hitcount|p2: Skarmory|4\n|-damage|p1a: Cloyster|10\/100|[from] item: Life Orb\n|\n|upkeep\n|inactive|ChandosH has 120 seconds left.\n|-message|Nagima Yumemi forfeited.\n|\n|win|ChandosH\n|raw|Nagima Yumemi's rating: 1626 &rarr; <strong>1613<\/strong><br \/>(-13 for losing)\n|raw|ChandosH's rating: 1754 &rarr; <strong>1767<\/strong><br \/>(+13 for winning)\n|l|\u2606Nagima Yumemi\n|c| Venomous Crunch|i used to use\n|c|\u2606ChandosH|o thats cool\n|c| Venomous Crunch|colyster\n|c|\u2606ChandosH|yee\n|l| Routeamtester\n|c| Venomous Crunch|hes ass cheeks tho\n|l| Venomous Crunch\n||Ladder isn't responding, score probably updated but might not have (Request timeout).\n|c|\u2606ChandosH|i honestly think poltergeist is a better shell smasher tbh\n","uploadtime":1667179276,"views":9,"p1id":"nagimayumemi","p2id":"chandosh","formatid":"gen8ou","rating":1613,"private":0,"password":null}