{"id":"gen8ou-1656157833","p1":"ghecisbestvillain","p2":"dumpster dwelling","format":"gen8ou","log":"|j|\u2606ghecisbestvillain\n|j|\u2606dumpster dwelling\n|t:|1662324305\n|gametype|singles\n|player|p1|ghecisbestvillain|scientist-gen4|1708\n|player|p2|dumpster dwelling|janitor|1660\n|teamsize|p1|6\n|teamsize|p2|6\n|gen|8\n|tier|[Gen 8] OU\n|rated|\n|rule|Sleep Clause Mod: Limit one foe put to sleep\n|rule|Species Clause: Limit one of each Pok\u00e9mon\n|rule|OHKO Clause: OHKO moves are banned\n|rule|Evasion Items Clause: Evasion items are banned\n|rule|Evasion Moves Clause: Evasion moves are banned\n|rule|Endless Battle Clause: Forcing endless battles is banned\n|rule|HP Percentage Mod: HP is shown in percentages\n|rule|Dynamax Clause: You cannot dynamax\n|clearpoke\n|poke|p1|Chansey, F|\n|poke|p1|Quagsire, M|\n|poke|p1|Zapdos|\n|poke|p1|Corviknight, M|\n|poke|p1|Toxapex, M|\n|poke|p1|Victini|\n|poke|p2|Corviknight, M|\n|poke|p2|Clefable, M|\n|poke|p2|Conkeldurr, M|\n|poke|p2|Bronzong|\n|poke|p2|Krookodile, M|\n|poke|p2|Dragonite, F|\n|teampreview\n|j| Kwaga\n|j| srtjdtyj\n|inactive|Battle timer is ON: inactive players will automatically lose when time's up. (requested by ghecisbestvillain)\n|\n|t:|1662324327\n|start\n|switch|p1a: Toxapex|Toxapex, M|100\/100\n|switch|p2a: Krookodile|Krookodile, M|100\/100\n|turn|1\n|\n|t:|1662324344\n|move|p2a: Krookodile|Knock Off|p1a: Toxapex\n|-damage|p1a: Toxapex|73\/100\n|-damage|p2a: Krookodile|84\/100|[from] item: Rocky Helmet|[of] p1a: Toxapex\n|-enditem|p1a: Toxapex|Rocky Helmet|[from] move: Knock Off|[of] p2a: Krookodile\n|move|p1a: Toxapex|Scald|p2a: Krookodile\n|-supereffective|p2a: Krookodile\n|-damage|p2a: Krookodile|44\/100\n|\n|upkeep\n|turn|2\n|\n|t:|1662324355\n|switch|p2a: Clefable|Clefable, M|100\/100\n|move|p1a: Toxapex|Recover|p1a: Toxapex\n|-heal|p1a: Toxapex|100\/100\n|\n|upkeep\n|turn|3\n|\n|t:|1662324361\n|move|p2a: Clefable|Wish|p2a: Clefable\n|move|p1a: Toxapex|Knock Off|p2a: Clefable\n|-resisted|p2a: Clefable\n|-damage|p2a: Clefable|94\/100\n|-enditem|p2a: Clefable|Leftovers|[from] move: Knock Off|[of] p1a: Toxapex\n|\n|upkeep\n|turn|4\n|\n|t:|1662324368\n|move|p1a: Toxapex|Scald|p2a: Clefable\n|-damage|p2a: Clefable|79\/100\n|-status|p2a: Clefable|brn\n|move|p2a: Clefable|Teleport|p2a: Clefable\n|\n|t:|1662324378\n|switch|p2a: Krookodile|Krookodile, M|44\/100|[from]move: Teleport\n|\n|-heal|p2a: Krookodile|100\/100|[from] move: Wish|[wisher] Clefable\n|upkeep\n|turn|5\n|\n|t:|1662324382\n|switch|p2a: Clefable|Clefable, M|79\/100 brn\n|move|p1a: Toxapex|Scald|p2a: Clefable\n|-damage|p2a: Clefable|63\/100 brn\n|\n|upkeep\n|turn|6\n|\n|t:|1662324388\n|switch|p1a: Victini|Victini|100\/100\n|move|p2a: Clefable|Wish|p2a: Clefable\n|\n|upkeep\n|turn|7\n|\n|t:|1662324393\n|move|p2a: Clefable|Protect|p2a: Clefable\n|-singleturn|p2a: Clefable|Protect\n|move|p1a: Victini|Power-Up Punch|p2a: Clefable\n|-activate|p2a: Clefable|move: Protect\n|\n|-heal|p2a: Clefable|100\/100 brn|[from] move: Wish|[wisher] Clefable\n|upkeep\n|turn|8\n|\n|t:|1662324405\n|switch|p2a: Dragonite|Dragonite, F|100\/100\n|move|p1a: Victini|Power-Up Punch|p2a: Dragonite\n|-resisted|p2a: Dragonite\n|-damage|p2a: Dragonite|99\/100\n|-boost|p1a: Victini|atk|1\n|\n|upkeep\n|turn|9\n|\n|t:|1662324413\n|move|p1a: Victini|Bolt Strike|p2a: Dragonite\n|-damage|p2a: Dragonite|65\/100\n|move|p2a: Dragonite|Earthquake|p1a: Victini\n|-supereffective|p1a: Victini\n|-damage|p1a: Victini|52\/100\n|\n|upkeep\n|turn|10\n|\n|t:|1662324419\n|move|p1a: Victini|Bolt Strike|p2a: Dragonite\n|-damage|p2a: Dragonite|33\/100\n|move|p2a: Dragonite|Roost|p2a: Dragonite\n|-heal|p2a: Dragonite|83\/100\n|-singleturn|p2a: Dragonite|move: Roost\n|\n|upkeep\n|turn|11\n|\n|t:|1662324430\n|move|p1a: Victini|Bolt Strike|p2a: Dragonite\n|-damage|p2a: Dragonite|49\/100\n|move|p2a: Dragonite|Roost|p2a: Dragonite\n|-heal|p2a: Dragonite|99\/100\n|-singleturn|p2a: Dragonite|move: Roost\n|\n|upkeep\n|turn|12\n|\n|t:|1662324439\n|move|p1a: Victini|Power-Up Punch|p2a: Dragonite\n|-resisted|p2a: Dragonite\n|-damage|p2a: Dragonite|94\/100\n|-boost|p1a: Victini|atk|1\n|move|p2a: Dragonite|Roost|p2a: Dragonite\n|-heal|p2a: Dragonite|100\/100\n|-singleturn|p2a: Dragonite|move: Roost\n|\n|upkeep\n|turn|13\n|\n|t:|1662324448\n|move|p1a: Victini|Power-Up Punch|p2a: Dragonite\n|-resisted|p2a: Dragonite\n|-damage|p2a: Dragonite|97\/100\n|-boost|p1a: Victini|atk|1\n|move|p2a: Dragonite|Earthquake|p1a: Victini\n|-supereffective|p1a: Victini\n|-damage|p1a: Victini|5\/100\n|\n|upkeep\n|turn|14\n|j| ChristianIsHim\n|\n|t:|1662324456\n|move|p1a: Victini|Rest|p1a: Victini\n|-status|p1a: Victini|slp|[from] move: Rest\n|-heal|p1a: Victini|100\/100 slp|[silent]\n|move|p2a: Dragonite|Earthquake|p1a: Victini\n|-supereffective|p1a: Victini\n|-damage|p1a: Victini|52\/100 slp\n|\n|upkeep\n|turn|15\n|j| Rubiaa\n|\n|t:|1662324464\n|switch|p1a: Chansey|Chansey, F|100\/100\n|move|p2a: Dragonite|Earthquake|p1a: Chansey\n|-damage|p1a: Chansey|80\/100\n|\n|upkeep\n|turn|16\n|\n|t:|1662324469\n|switch|p2a: Bronzong|Bronzong|100\/100\n|move|p1a: Chansey|Stealth Rock|p2a: Bronzong\n|-sidestart|p2: dumpster dwelling|move: Stealth Rock\n|\n|upkeep\n|turn|17\n|\n|t:|1662324474\n|move|p1a: Chansey|Aromatherapy|p1a: Chansey\n|-activate|p1a: Chansey|move: Aromatherapy\n|-curestatus|p1: Victini|slp|[msg]\n|move|p2a: Bronzong|Stealth Rock|p1a: Chansey\n|-sidestart|p1: ghecisbestvillain|move: Stealth Rock\n|\n|upkeep\n|turn|18\n|\n|t:|1662324484\n|switch|p1a: Quagsire|Quagsire, M|100\/100\n|-damage|p1a: Quagsire|94\/100|[from] Stealth Rock\n|move|p2a: Bronzong|Future Sight|p1a: Quagsire\n|-start|p2a: Bronzong|move: Future Sight\n|\n|-heal|p1a: Quagsire|100\/100|[from] item: Leftovers\n|upkeep\n|turn|19\n|\n|t:|1662324491\n|move|p1a: Quagsire|Scald|p2a: Bronzong\n|-damage|p2a: Bronzong|86\/100\n|move|p2a: Bronzong|Toxic|p1a: Quagsire\n|-status|p1a: Quagsire|tox\n|\n|-heal|p2a: Bronzong|92\/100|[from] item: Leftovers\n|-damage|p1a: Quagsire|94\/100 tox|[from] psn\n|upkeep\n|turn|20\n|j| gerotor\n|\n|t:|1662324499\n|switch|p1a: Victini|Victini|52\/100\n|switch|p2a: Clefable|Clefable, M|100\/100 brn\n|\n|-end|p1a: Victini|move: Future Sight\n|-resisted|p1a: Victini\n|-damage|p1a: Victini|41\/100\n|upkeep\n|turn|21\n|l| gerotor\n|\n|t:|1662324509\n|switch|p2a: Dragonite|Dragonite, F|97\/100\n|move|p1a: Victini|Power-Up Punch|p2a: Dragonite\n|-resisted|p2a: Dragonite\n|-damage|p2a: Dragonite|94\/100\n|-boost|p1a: Victini|atk|1\n|\n|upkeep\n|turn|22\n|\n|t:|1662324522\n|switch|p1a: Zapdos|Zapdos|100\/100\n|-ability|p1a: Zapdos|Pressure\n|move|p2a: Dragonite|Earthquake|p1a: Zapdos\n|-immune|p1a: Zapdos\n|\n|upkeep\n|turn|23\n|\n|t:|1662324530\n|switch|p2a: Bronzong|Bronzong|92\/100\n|-damage|p2a: Bronzong|86\/100|[from] Stealth Rock\n|move|p1a: Zapdos|Toxic|p2a: Bronzong\n|-immune|p2a: Bronzong\n|\n|-heal|p2a: Bronzong|92\/100|[from] item: Leftovers\n|upkeep\n|turn|24\n|\n|t:|1662324551\n|switch|p1a: Victini|Victini|41\/100\n|move|p2a: Bronzong|Toxic|p1a: Victini\n|-status|p1a: Victini|tox\n|\n|-heal|p2a: Bronzong|98\/100|[from] item: Leftovers\n|-damage|p1a: Victini|35\/100 tox|[from] psn\n|upkeep\n|turn|25\n|\n|t:|1662324563\n|switch|p2a: Krookodile|Krookodile, M|100\/100\n|-damage|p2a: Krookodile|94\/100|[from] Stealth Rock\n|move|p1a: Victini|Rest|p1a: Victini\n|-status|p1a: Victini|slp|[from] move: Rest\n|-heal|p1a: Victini|100\/100 slp|[silent]\n|\n|upkeep\n|turn|26\n|\n|t:|1662324580\n|switch|p1a: Corviknight|Corviknight, M|100\/100\n|-damage|p1a: Corviknight|88\/100|[from] Stealth Rock\n|-ability|p1a: Corviknight|Pressure\n|move|p2a: Krookodile|Knock Off|p1a: Corviknight\n|-damage|p1a: Corviknight|57\/100\n|-enditem|p1a: Corviknight|Leftovers|[from] move: Knock Off|[of] p2a: Krookodile\n|\n|upkeep\n|turn|27\n|\n|t:|1662324589\n|switch|p2a: Conkeldurr|Conkeldurr, M|100\/100\n|-damage|p2a: Conkeldurr|94\/100|[from] Stealth Rock\n|move|p1a: Corviknight|Roost|p1a: Corviknight\n|-heal|p1a: Corviknight|100\/100\n|-singleturn|p1a: Corviknight|move: Roost\n|\n|upkeep\n|turn|28\n|\n|t:|1662324597\n|move|p2a: Conkeldurr|Thunder Punch|p1a: Corviknight\n|-supereffective|p1a: Corviknight\n|-damage|p1a: Corviknight|39\/100\n|move|p1a: Corviknight|Bulk Up|p1a: Corviknight\n|-boost|p1a: Corviknight|atk|1\n|-boost|p1a: Corviknight|def|1\n|\n|upkeep\n|turn|29\n|\n|t:|1662324620\n|switch|p1a: Quagsire|Quagsire, M|94\/100 tox\n|-damage|p1a: Quagsire|88\/100 tox|[from] Stealth Rock\n|move|p2a: Conkeldurr|Thunder Punch|p1a: Quagsire\n|-immune|p1a: Quagsire\n|\n|-heal|p1a: Quagsire|94\/100 tox|[from] item: Leftovers\n|-damage|p1a: Quagsire|88\/100 tox|[from] psn\n|upkeep\n|turn|30\n|\n|t:|1662324633\n|switch|p2a: Clefable|Clefable, M|100\/100 brn\n|switch|p1a: Corviknight|Corviknight, M|39\/100\n|-damage|p1a: Corviknight|26\/100|[from] Stealth Rock\n|-ability|p1a: Corviknight|Pressure\n|\n|upkeep\n|turn|31\n|\n|t:|1662324641\n|move|p1a: Corviknight|Roost|p1a: Corviknight\n|-heal|p1a: Corviknight|76\/100\n|-singleturn|p1a: Corviknight|move: Roost\n|move|p2a: Clefable|Teleport|p2a: Clefable\n|\n|t:|1662324647\n|switch|p2a: Corviknight|Corviknight, M|100\/100|[from]move: Teleport\n|-damage|p2a: Corviknight|88\/100|[from] Stealth Rock\n|-ability|p2a: Corviknight|Pressure\n|\n|-heal|p2a: Corviknight|94\/100|[from] item: Leftovers\n|upkeep\n|turn|32\n|\n|t:|1662324654\n|move|p1a: Corviknight|Defog|p2a: Corviknight\n|-unboost|p2a: Corviknight|evasion|1\n|-sideend|p2: dumpster dwelling|Stealth Rock|[from] move: Defog|[of] p1a: Corviknight\n|-sideend|p1: ghecisbestvillain|Stealth Rock|[from] move: Defog|[of] p1a: Corviknight\n|move|p2a: Corviknight|Substitute|p2a: Corviknight\n|-start|p2a: Corviknight|Substitute\n|-damage|p2a: Corviknight|69\/100\n|\n|-heal|p2a: Corviknight|75\/100|[from] item: Leftovers\n|upkeep\n|turn|33\n|\n|t:|1662324663\n|switch|p1a: Toxapex|Toxapex, M|100\/100\n|move|p2a: Corviknight|Bulk Up|p2a: Corviknight\n|-boost|p2a: Corviknight|atk|1\n|-boost|p2a: Corviknight|def|1\n|\n|-heal|p2a: Corviknight|82\/100|[from] item: Leftovers\n|upkeep\n|turn|34\n|\n|t:|1662324675\n|move|p2a: Corviknight|Bulk Up|p2a: Corviknight\n|-boost|p2a: Corviknight|atk|1\n|-boost|p2a: Corviknight|def|1\n|move|p1a: Toxapex|Haze|p1a: Toxapex\n|-clearallboost\n|\n|-heal|p2a: Corviknight|88\/100|[from] item: Leftovers\n|upkeep\n|turn|35\n|\n|t:|1662324683\n|switch|p1a: Chansey|Chansey, F|80\/100\n|move|p2a: Corviknight|Spite||[still]\n|-fail|p2a: Corviknight\n|\n|-heal|p2a: Corviknight|94\/100|[from] item: Leftovers\n|upkeep\n|turn|36\n|\n|t:|1662324692\n|switch|p2a: Bronzong|Bronzong|98\/100\n|switch|p1a: Toxapex|Toxapex, M|100\/100\n|\n|-heal|p2a: Bronzong|100\/100|[from] item: Leftovers\n|upkeep\n|turn|37\n|j| qxfn143\n|l| qxfn143\n|\n|t:|1662324716\n|switch|p2a: Clefable|Clefable, M|100\/100 brn\n|move|p1a: Toxapex|Knock Off|p2a: Clefable\n|-resisted|p2a: Clefable\n|-damage|p2a: Clefable|97\/100 brn\n|\n|upkeep\n|turn|38\n|j| qxfn143\n|\n|t:|1662324727\n|switch|p1a: Chansey|Chansey, F|80\/100\n|move|p2a: Clefable|Teleport|p2a: Clefable\n|\n|t:|1662324740\n|switch|p2a: Conkeldurr|Conkeldurr, M|94\/100|[from]move: Teleport\n|\n|upkeep\n|turn|39\n|\n|t:|1662324744\n|switch|p1a: Toxapex|Toxapex, M|100\/100\n|move|p2a: Conkeldurr|Ice Punch|p1a: Toxapex\n|-resisted|p1a: Toxapex\n|-damage|p1a: Toxapex|86\/100\n|\n|upkeep\n|turn|40\n|\n|t:|1662324752\n|switch|p1a: Chansey|Chansey, F|80\/100\n|move|p2a: Conkeldurr|Ice Punch|p1a: Chansey\n|-damage|p1a: Chansey|42\/100\n|\n|upkeep\n|turn|41\n|\n|t:|1662324766\n|move|p2a: Conkeldurr|Drain Punch|p1a: Chansey\n|-supereffective|p1a: Chansey\n|-damage|p1a: Chansey|0 fnt\n|-heal|p2a: Conkeldurr|100\/100|[from] drain|[of] p1a: Chansey\n|faint|p1a: Chansey\n|-damage|p2a: Conkeldurr|91\/100|[from] item: Life Orb\n|\n|upkeep\n|\n|t:|1662324778\n|switch|p1a: Victini|Victini|100\/100 slp\n|turn|42\n|l| qxfn143\n|l| ChristianIsHim\n|\n|t:|1662324802\n|switch|p2a: Krookodile|Krookodile, M|94\/100\n|cant|p1a: Victini|slp\n|\n|upkeep\n|turn|43\n|\n|t:|1662324828\n|switch|p2a: Conkeldurr|Conkeldurr, M|91\/100\n|switch|p1a: Zapdos|Zapdos|100\/100\n|-ability|p1a: Zapdos|Pressure\n|\n|upkeep\n|turn|44\n|\n|t:|1662324836\n|switch|p2a: Bronzong|Bronzong|100\/100\n|move|p1a: Zapdos|Toxic|p2a: Bronzong\n|-immune|p2a: Bronzong\n|\n|upkeep\n|turn|45\n|\n|t:|1662324842\n|move|p1a: Zapdos|Heat Wave|p2a: Bronzong\n|-supereffective|p2a: Bronzong\n|-damage|p2a: Bronzong|64\/100\n|move|p2a: Bronzong|Stealth Rock|p1a: Zapdos\n|-sidestart|p1: ghecisbestvillain|move: Stealth Rock\n|\n|-heal|p2a: Bronzong|70\/100|[from] item: Leftovers\n|upkeep\n|turn|46\n|\n|t:|1662324848\n|move|p1a: Zapdos|Heat Wave|p2a: Bronzong\n|-supereffective|p2a: Bronzong\n|-damage|p2a: Bronzong|32\/100\n|move|p2a: Bronzong|Toxic|p1a: Zapdos|[miss]\n|-miss|p2a: Bronzong|p1a: Zapdos\n|\n|-heal|p2a: Bronzong|38\/100|[from] item: Leftovers\n|upkeep\n|turn|47\n|\n|t:|1662324855\n|switch|p2a: Clefable|Clefable, M|97\/100 brn\n|move|p1a: Zapdos|Heat Wave|p2a: Clefable\n|-damage|p2a: Clefable|72\/100 brn\n|\n|upkeep\n|turn|48\n|j| Me Mamasita\n|\n|t:|1662324865\n|switch|p1a: Corviknight|Corviknight, M|76\/100\n|-damage|p1a: Corviknight|64\/100|[from] Stealth Rock\n|-ability|p1a: Corviknight|Pressure\n|move|p2a: Clefable|Wish|p2a: Clefable\n|\n|upkeep\n|turn|49\n|\n|t:|1662324873\n|switch|p2a: Bronzong|Bronzong|38\/100\n|move|p1a: Corviknight|Bulk Up|p1a: Corviknight\n|-boost|p1a: Corviknight|atk|1\n|-boost|p1a: Corviknight|def|1\n|\n|-heal|p2a: Bronzong|97\/100|[from] move: Wish|[wisher] Clefable\n|-heal|p2a: Bronzong|100\/100|[from] item: Leftovers\n|upkeep\n|turn|50\n|\n|t:|1662324882\n|switch|p2a: Corviknight|Corviknight, M|94\/100\n|-ability|p2a: Corviknight|Pressure\n|move|p1a: Corviknight|Bulk Up|p1a: Corviknight\n|-boost|p1a: Corviknight|atk|1\n|-boost|p1a: Corviknight|def|1\n|\n|-heal|p2a: Corviknight|100\/100|[from] item: Leftovers\n|upkeep\n|turn|51\n|\n|t:|1662324891\n|move|p1a: Corviknight|Defog|p2a: Corviknight\n|-unboost|p2a: Corviknight|evasion|1\n|-sideend|p1: ghecisbestvillain|Stealth Rock|[from] move: Defog|[of] p1a: Corviknight\n|move|p2a: Corviknight|Bulk Up|p2a: Corviknight\n|-boost|p2a: Corviknight|atk|1\n|-boost|p2a: Corviknight|def|1\n|\n|upkeep\n|turn|52\n|\n|t:|1662324898\n|switch|p1a: Victini|Victini|100\/100 slp\n|move|p2a: Corviknight|Bulk Up|p2a: Corviknight\n|-boost|p2a: Corviknight|atk|1\n|-boost|p2a: Corviknight|def|1\n|\n|upkeep\n|turn|53\n|\n|t:|1662324906\n|switch|p1a: Toxapex|Toxapex, M|100\/100\n|move|p2a: Corviknight|Brave Bird|p1a: Toxapex\n|-damage|p1a: Toxapex|53\/100\n|-damage|p2a: Corviknight|88\/100|[from] Recoil\n|\n|-heal|p2a: Corviknight|95\/100|[from] item: Leftovers\n|upkeep\n|turn|54\n|\n|t:|1662324914\n|move|p2a: Corviknight|Brave Bird|p1a: Toxapex\n|-damage|p1a: Toxapex|9\/100\n|-damage|p2a: Corviknight|84\/100|[from] Recoil\n|move|p1a: Toxapex|Haze|p1a: Toxapex\n|-clearallboost\n|\n|-heal|p2a: Corviknight|90\/100|[from] item: Leftovers\n|upkeep\n|turn|55\n|\n|t:|1662324922\n|switch|p2a: Bronzong|Bronzong|100\/100\n|switch|p1a: Victini|Victini|100\/100 slp\n|\n|upkeep\n|turn|56\n|\n|t:|1662324927\n|switch|p1a: Toxapex|Toxapex, M|42\/100\n|move|p2a: Bronzong|Stealth Rock|p1a: Toxapex\n|-sidestart|p1: ghecisbestvillain|move: Stealth Rock\n|\n|upkeep\n|turn|57\n|\n|t:|1662324934\n|switch|p1a: Victini|Victini|100\/100 slp\n|switch|p2a: Clefable|Clefable, M|72\/100 brn\n|\n|upkeep\n|turn|58\n|\n|t:|1662324943\n|switch|p2a: Krookodile|Krookodile, M|94\/100\n|cant|p1a: Victini|slp\n|\n|upkeep\n|turn|59\n|\n|t:|1662324953\n|switch|p1a: Corviknight|Corviknight, M|64\/100\n|-damage|p1a: Corviknight|51\/100|[from] Stealth Rock\n|-ability|p1a: Corviknight|Pressure\n|move|p2a: Krookodile|Knock Off|p1a: Corviknight\n|-damage|p1a: Corviknight|34\/100\n|\n|upkeep\n|turn|60\n|\n|t:|1662324962\n|switch|p2a: Conkeldurr|Conkeldurr, M|91\/100\n|move|p1a: Corviknight|Roost|p1a: Corviknight\n|-heal|p1a: Corviknight|84\/100\n|-singleturn|p1a: Corviknight|move: Roost\n|\n|upkeep\n|turn|61\n|\n|t:|1662324969\n|move|p2a: Conkeldurr|Ice Punch|p1a: Corviknight\n|-damage|p1a: Corviknight|51\/100\n|move|p1a: Corviknight|Brave Bird|p2a: Conkeldurr\n|-supereffective|p2a: Conkeldurr\n|-damage|p2a: Conkeldurr|25\/100\n|-damage|p1a: Corviknight|31\/100|[from] Recoil\n|\n|upkeep\n|turn|62\n|\n|t:|1662324979\n|switch|p1a: Quagsire|Quagsire, M|88\/100 tox\n|-damage|p1a: Quagsire|82\/100 tox|[from] Stealth Rock\n|move|p2a: Conkeldurr|Ice Punch|p1a: Quagsire\n|-damage|p1a: Quagsire|47\/100 tox\n|\n|-heal|p1a: Quagsire|53\/100 tox|[from] item: Leftovers\n|-damage|p1a: Quagsire|47\/100 tox|[from] psn\n|upkeep\n|turn|63\n|\n|t:|1662324988\n|switch|p1a: Zapdos|Zapdos|100\/100\n|-ability|p1a: Zapdos|Pressure\n|move|p2a: Conkeldurr|Drain Punch|p1a: Zapdos\n|-resisted|p1a: Zapdos\n|-damage|p1a: Zapdos|70\/100\n|-heal|p2a: Conkeldurr|42\/100|[from] drain|[of] p1a: Zapdos\n|-damage|p2a: Conkeldurr|32\/100|[from] item: Life Orb\n|\n|upkeep\n|turn|64\n|\n|t:|1662325000\n|switch|p1a: Corviknight|Corviknight, M|31\/100\n|-damage|p1a: Corviknight|19\/100|[from] Stealth Rock\n|-ability|p1a: Corviknight|Pressure\n|switch|p2a: Bronzong|Bronzong|100\/100\n|\n|upkeep\n|turn|65\n|\n|t:|1662325008\n|move|p1a: Corviknight|Roost|p1a: Corviknight\n|-heal|p1a: Corviknight|69\/100\n|-singleturn|p1a: Corviknight|move: Roost\n|move|p2a: Bronzong|Body Press|p1a: Corviknight\n|-supereffective|p1a: Corviknight\n|-damage|p1a: Corviknight|38\/100\n|\n|upkeep\n|turn|66\n|j| baptee\n|\n|t:|1662325015\n|switch|p2a: Clefable|Clefable, M|72\/100 brn\n|move|p1a: Corviknight|Roost|p1a: Corviknight\n|-heal|p1a: Corviknight|88\/100\n|-singleturn|p1a: Corviknight|move: Roost\n|\n|upkeep\n|turn|67\n|j| Irene Belserion\n|\n|t:|1662325022\n|move|p1a: Corviknight|Defog|p2a: Clefable\n|-unboost|p2a: Clefable|evasion|1\n|-sideend|p1: ghecisbestvillain|Stealth Rock|[from] move: Defog|[of] p1a: Corviknight\n|move|p2a: Clefable|Wish|p2a: Clefable\n|\n|upkeep\n|turn|68\n|l| baptee\n|\n|t:|1662325030\n|switch|p1a: Victini|Victini|100\/100 slp\n|move|p2a: Clefable|Teleport|p2a: Clefable\n|\n|t:|1662325033\n|switch|p2a: Conkeldurr|Conkeldurr, M|32\/100|[from]move: Teleport\n|\n|-heal|p2a: Conkeldurr|85\/100|[from] move: Wish|[wisher] Clefable\n|upkeep\n|turn|69\n|\n|t:|1662325040\n|switch|p1a: Zapdos|Zapdos|70\/100\n|-ability|p1a: Zapdos|Pressure\n|switch|p2a: Dragonite|Dragonite, F|94\/100\n|\n|upkeep\n|turn|70\n|\n|t:|1662325048\n|switch|p2a: Clefable|Clefable, M|72\/100 brn\n|move|p1a: Zapdos|Toxic|p2a: Clefable|[miss]\n|-miss|p1a: Zapdos|p2a: Clefable\n|\n|upkeep\n|turn|71\n|\n|t:|1662325054\n|switch|p1a: Victini|Victini|100\/100 slp\n|move|p2a: Clefable|Wish|p2a: Clefable\n|\n|upkeep\n|turn|72\n|\n|t:|1662325067\n|move|p2a: Clefable|Protect|p2a: Clefable\n|-singleturn|p2a: Clefable|Protect\n|-curestatus|p1a: Victini|slp|[msg]\n|move|p1a: Victini|Power-Up Punch|p2a: Clefable\n|-activate|p2a: Clefable|move: Protect\n|\n|-heal|p2a: Clefable|100\/100 brn|[from] move: Wish|[wisher] Clefable\n|upkeep\n|turn|73\n|l| Me Mamasita\n|inactive|ghecisbestvillain has 120 seconds left.\n|\n|t:|1662325108\n|switch|p2a: Dragonite|Dragonite, F|94\/100\n|move|p1a: Victini|Power-Up Punch|p2a: Dragonite\n|-resisted|p2a: Dragonite\n|-damage|p2a: Dragonite|90\/100\n|-boost|p1a: Victini|atk|1\n|\n|upkeep\n|turn|74\n|\n|t:|1662325120\n|switch|p1a: Corviknight|Corviknight, M|88\/100\n|-ability|p1a: Corviknight|Pressure\n|move|p2a: Dragonite|Roost|p2a: Dragonite\n|-heal|p2a: Dragonite|100\/100\n|-singleturn|p2a: Dragonite|move: Roost\n|\n|upkeep\n|turn|75\n|j| Partynparadise\n|\n|t:|1662325135\n|switch|p2a: Corviknight|Corviknight, M|90\/100\n|-ability|p2a: Corviknight|Pressure\n|switch|p1a: Victini|Victini|100\/100\n|\n|-heal|p2a: Corviknight|96\/100|[from] item: Leftovers\n|upkeep\n|turn|76\n|j| Quagshi\n|inactive|ghecisbestvillain has 120 seconds left.\n|l| Quagshi\n|inactive|ghecisbestvillain has 90 seconds left.\n|c|\u2606dumpster dwelling|rubi you still watchin?\n|\n|t:|1662325195\n|switch|p2a: Dragonite|Dragonite, F|100\/100\n|move|p1a: Victini|Power-Up Punch|p2a: Dragonite\n|-resisted|p2a: Dragonite\n|-damage|p2a: Dragonite|99\/100\n|-boost|p1a: Victini|atk|1\n|\n|upkeep\n|turn|77\n|\n|t:|1662325203\n|switch|p1a: Corviknight|Corviknight, M|88\/100\n|-ability|p1a: Corviknight|Pressure\n|move|p2a: Dragonite|Earthquake|p1a: Corviknight\n|-immune|p1a: Corviknight\n|\n|upkeep\n|turn|78\n|\n|t:|1662325210\n|move|p2a: Dragonite|Ice Beam|p1a: Corviknight\n|-damage|p1a: Corviknight|70\/100\n|move|p1a: Corviknight|Bulk Up|p1a: Corviknight\n|-boost|p1a: Corviknight|atk|1\n|-boost|p1a: Corviknight|def|1\n|\n|upkeep\n|turn|79\n|\n|t:|1662325220\n|switch|p2a: Corviknight|Corviknight, M|96\/100\n|-ability|p2a: Corviknight|Pressure\n|switch|p1a: Victini|Victini|100\/100\n|\n|-heal|p2a: Corviknight|100\/100|[from] item: Leftovers\n|upkeep\n|turn|80\n|\n|t:|1662325230\n|switch|p2a: Dragonite|Dragonite, F|99\/100\n|move|p1a: Victini|Power-Up Punch|p2a: Dragonite\n|-resisted|p2a: Dragonite\n|-damage|p2a: Dragonite|95\/100\n|-boost|p1a: Victini|atk|1\n|\n|upkeep\n|turn|81\n|inactive|ghecisbestvillain has 90 seconds left.\n|\n|t:|1662325244\n|switch|p1a: Corviknight|Corviknight, M|70\/100\n|-ability|p1a: Corviknight|Pressure\n|switch|p2a: Krookodile|Krookodile, M|94\/100\n|\n|upkeep\n|turn|82\n|\n|t:|1662325252\n|switch|p2a: Corviknight|Corviknight, M|100\/100\n|-ability|p2a: Corviknight|Pressure\n|move|p1a: Corviknight|Brave Bird|p2a: Corviknight\n|-resisted|p2a: Corviknight\n|-damage|p2a: Corviknight|84\/100\n|-damage|p1a: Corviknight|65\/100|[from] Recoil\n|\n|-heal|p2a: Corviknight|91\/100|[from] item: Leftovers\n|upkeep\n|turn|83\n|\n|t:|1662325262\n|switch|p2a: Krookodile|Krookodile, M|94\/100\n|move|p1a: Corviknight|Roost|p1a: Corviknight\n|-heal|p1a: Corviknight|100\/100\n|-singleturn|p1a: Corviknight|move: Roost\n|\n|upkeep\n|turn|84\n|\n|t:|1662325269\n|switch|p2a: Clefable|Clefable, M|100\/100 brn\n|move|p1a: Corviknight|Bulk Up|p1a: Corviknight\n|-boost|p1a: Corviknight|atk|1\n|-boost|p1a: Corviknight|def|1\n|\n|upkeep\n|turn|85\n|\n|t:|1662325284\n|switch|p1a: Victini|Victini|100\/100\n|switch|p2a: Corviknight|Corviknight, M|91\/100\n|-ability|p2a: Corviknight|Pressure\n|\n|-heal|p2a: Corviknight|97\/100|[from] item: Leftovers\n|upkeep\n|turn|86\n|inactive|ghecisbestvillain has 90 seconds left.\n|\n|t:|1662325319\n|switch|p2a: Dragonite|Dragonite, F|95\/100\n|move|p1a: Victini|Power-Up Punch|p2a: Dragonite\n|-resisted|p2a: Dragonite\n|-damage|p2a: Dragonite|92\/100\n|-boost|p1a: Victini|atk|1\n|\n|upkeep\n|turn|87\n|inactive|ghecisbestvillain has 90 seconds left.\n|inactive|dumpster dwelling has 120 seconds left.\n|\n|t:|1662325337\n|switch|p2a: Krookodile|Krookodile, M|94\/100\n|move|p1a: Victini|Power-Up Punch|p2a: Krookodile\n|-supereffective|p2a: Krookodile\n|-damage|p2a: Krookodile|61\/100\n|-boost|p1a: Victini|atk|1\n|\n|upkeep\n|turn|88\n|\n|t:|1662325345\n|switch|p2a: Conkeldurr|Conkeldurr, M|85\/100\n|move|p1a: Victini|V-create|p2a: Conkeldurr\n|-damage|p2a: Conkeldurr|0 fnt\n|-unboost|p1a: Victini|spe|1\n|-unboost|p1a: Victini|def|1\n|-unboost|p1a: Victini|spd|1\n|faint|p2a: Conkeldurr\n|\n|upkeep\n|inactive|dumpster dwelling has 120 seconds left.\n|\n|t:|1662325360\n|switch|p2a: Krookodile|Krookodile, M|61\/100\n|turn|89\n|\n|t:|1662325364\n|switch|p1a: Corviknight|Corviknight, M|100\/100\n|-ability|p1a: Corviknight|Pressure\n|move|p2a: Krookodile|Knock Off|p1a: Corviknight\n|-damage|p1a: Corviknight|82\/100\n|\n|upkeep\n|turn|90\n|\n|t:|1662325381\n|switch|p2a: Bronzong|Bronzong|100\/100\n|move|p1a: Corviknight|Bulk Up|p1a: Corviknight\n|-boost|p1a: Corviknight|atk|1\n|-boost|p1a: Corviknight|def|1\n|\n|upkeep\n|turn|91\n|inactive|ghecisbestvillain has 120 seconds left.\n|\n|t:|1662325399\n|move|p1a: Corviknight|Bulk Up|p1a: Corviknight\n|-boost|p1a: Corviknight|atk|1\n|-boost|p1a: Corviknight|def|1\n|move|p2a: Bronzong|Stealth Rock|p1a: Corviknight\n|-sidestart|p1: ghecisbestvillain|move: Stealth Rock\n|\n|upkeep\n|turn|92\n|\n|t:|1662325405\n|switch|p2a: Corviknight|Corviknight, M|97\/100\n|-ability|p2a: Corviknight|Pressure\n|move|p1a: Corviknight|Defog|p2a: Corviknight\n|-unboost|p2a: Corviknight|evasion|1\n|-sideend|p1: ghecisbestvillain|Stealth Rock|[from] move: Defog|[of] p1a: Corviknight\n|\n|-heal|p2a: Corviknight|100\/100|[from] item: Leftovers\n|upkeep\n|turn|93\n|inactive|ghecisbestvillain has 120 seconds left.\n|\n|t:|1662325415\n|switch|p1a: Toxapex|Toxapex, M|76\/100\n|move|p2a: Corviknight|Substitute|p2a: Corviknight\n|-start|p2a: Corviknight|Substitute\n|-damage|p2a: Corviknight|75\/100\n|\n|-heal|p2a: Corviknight|82\/100|[from] item: Leftovers\n|upkeep\n|turn|94\n|inactive|ghecisbestvillain has 120 seconds left.\n|\n|t:|1662325422\n|switch|p1a: Zapdos|Zapdos|70\/100\n|-ability|p1a: Zapdos|Pressure\n|move|p2a: Corviknight|Bulk Up|p2a: Corviknight\n|-boost|p2a: Corviknight|atk|1\n|-boost|p2a: Corviknight|def|1\n|\n|-heal|p2a: Corviknight|88\/100|[from] item: Leftovers\n|upkeep\n|turn|95\n|inactive|ghecisbestvillain has 120 seconds left.\n|\n|t:|1662325432\n|switch|p1a: Toxapex|Toxapex, M|100\/100\n|move|p2a: Corviknight|Spite||[still]\n|-fail|p2a: Corviknight\n|\n|-heal|p2a: Corviknight|94\/100|[from] item: Leftovers\n|upkeep\n|turn|96\n|inactive|ghecisbestvillain has 120 seconds left.\n|\n|t:|1662325439\n|switch|p1a: Zapdos|Zapdos|70\/100\n|-ability|p1a: Zapdos|Pressure\n|move|p2a: Corviknight|Brave Bird|p1a: Zapdos\n|-resisted|p1a: Zapdos\n|-damage|p1a: Zapdos|44\/100\n|-damage|p2a: Corviknight|86\/100|[from] Recoil\n|\n|-heal|p2a: Corviknight|92\/100|[from] item: Leftovers\n|upkeep\n|turn|97\n|inactive|ghecisbestvillain has 120 seconds left.\n|\n|t:|1662325450\n|switch|p1a: Toxapex|Toxapex, M|100\/100\n|move|p2a: Corviknight|Bulk Up|p2a: Corviknight\n|-boost|p2a: Corviknight|atk|1\n|-boost|p2a: Corviknight|def|1\n|\n|-heal|p2a: Corviknight|98\/100|[from] item: Leftovers\n|upkeep\n|turn|98\n|\n|t:|1662325459\n|move|p2a: Corviknight|Brave Bird|p1a: Toxapex\n|-damage|p1a: Toxapex|60\/100\n|-damage|p2a: Corviknight|88\/100|[from] Recoil\n|move|p1a: Toxapex|Haze|p1a: Toxapex\n|-clearallboost\n|\n|-heal|p2a: Corviknight|94\/100|[from] item: Leftovers\n|upkeep\n|turn|99\n|\n|t:|1662325468\n|switch|p1a: Quagsire|Quagsire, M|47\/100 tox\n|move|p2a: Corviknight|Bulk Up|p2a: Corviknight\n|-boost|p2a: Corviknight|atk|1\n|-boost|p2a: Corviknight|def|1\n|\n|-heal|p2a: Corviknight|100\/100|[from] item: Leftovers\n|-heal|p1a: Quagsire|53\/100 tox|[from] item: Leftovers\n|-damage|p1a: Quagsire|47\/100 tox|[from] psn\n|upkeep\n|turn|100\n|j| Me Mamasita\n|\n|t:|1662325478\n|move|p2a: Corviknight|Bulk Up|p2a: Corviknight\n|-boost|p2a: Corviknight|atk|1\n|-boost|p2a: Corviknight|def|1\n|move|p1a: Quagsire|Recover|p1a: Quagsire\n|-heal|p1a: Quagsire|97\/100 tox\n|\n|-heal|p1a: Quagsire|100\/100 tox|[from] item: Leftovers\n|-damage|p1a: Quagsire|88\/100 tox|[from] psn\n|upkeep\n|turn|101\n|l| Me Mamasita\n|\n|t:|1662325487\n|switch|p1a: Toxapex|Toxapex, M|93\/100\n|move|p2a: Corviknight|Brave Bird|p1a: Toxapex\n|-damage|p1a: Toxapex|49\/100\n|-damage|p2a: Corviknight|89\/100|[from] Recoil\n|\n|-heal|p2a: Corviknight|95\/100|[from] item: Leftovers\n|upkeep\n|turn|102\n|\n|t:|1662325495\n|move|p2a: Corviknight|Brave Bird|p1a: Toxapex\n|-damage|p1a: Toxapex|7\/100\n|-damage|p2a: Corviknight|85\/100|[from] Recoil\n|move|p1a: Toxapex|Haze|p1a: Toxapex\n|-clearallboost\n|\n|-heal|p2a: Corviknight|91\/100|[from] item: Leftovers\n|upkeep\n|turn|103\n|\n|t:|1662325504\n|switch|p1a: Zapdos|Zapdos|44\/100\n|-ability|p1a: Zapdos|Pressure\n|move|p2a: Corviknight|Bulk Up|p2a: Corviknight\n|-boost|p2a: Corviknight|atk|1\n|-boost|p2a: Corviknight|def|1\n|\n|-heal|p2a: Corviknight|97\/100|[from] item: Leftovers\n|upkeep\n|turn|104\n|\n|t:|1662325513\n|move|p1a: Zapdos|Roost|p1a: Zapdos\n|-heal|p1a: Zapdos|94\/100\n|-singleturn|p1a: Zapdos|move: Roost\n|move|p2a: Corviknight|Brave Bird|p1a: Zapdos\n|-resisted|p1a: Zapdos\n|-damage|p1a: Zapdos|66\/100\n|-damage|p2a: Corviknight|88\/100|[from] Recoil\n|\n|-heal|p2a: Corviknight|95\/100|[from] item: Leftovers\n|upkeep\n|turn|105\n|\n|t:|1662325523\n|switch|p1a: Toxapex|Toxapex, M|40\/100\n|move|p2a: Corviknight|Bulk Up|p2a: Corviknight\n|-boost|p2a: Corviknight|atk|1\n|-boost|p2a: Corviknight|def|1\n|\n|-heal|p2a: Corviknight|100\/100|[from] item: Leftovers\n|upkeep\n|turn|106\n|\n|t:|1662325531\n|switch|p1a: Quagsire|Quagsire, M|88\/100 tox\n|move|p2a: Corviknight|Bulk Up|p2a: Corviknight\n|-boost|p2a: Corviknight|atk|1\n|-boost|p2a: Corviknight|def|1\n|\n|-heal|p1a: Quagsire|94\/100 tox|[from] item: Leftovers\n|-damage|p1a: Quagsire|88\/100 tox|[from] psn\n|upkeep\n|turn|107\n|\n|t:|1662325541\n|switch|p1a: Corviknight|Corviknight, M|82\/100\n|-ability|p1a: Corviknight|Pressure\n|move|p2a: Corviknight|Bulk Up|p2a: Corviknight\n|-boost|p2a: Corviknight|atk|1\n|-boost|p2a: Corviknight|def|1\n|\n|upkeep\n|turn|108\n|\n|t:|1662325549\n|move|p1a: Corviknight|Bulk Up|p1a: Corviknight\n|-boost|p1a: Corviknight|atk|1\n|-boost|p1a: Corviknight|def|1\n|move|p2a: Corviknight|Bulk Up|p2a: Corviknight\n|-boost|p2a: Corviknight|atk|1\n|-boost|p2a: Corviknight|def|1\n|\n|upkeep\n|turn|109\n|\n|t:|1662325557\n|move|p1a: Corviknight|Bulk Up|p1a: Corviknight\n|-boost|p1a: Corviknight|atk|1\n|-boost|p1a: Corviknight|def|1\n|move|p2a: Corviknight|Bulk Up|p2a: Corviknight\n|-boost|p2a: Corviknight|atk|1\n|-boost|p2a: Corviknight|def|1\n|\n|upkeep\n|turn|110\n|\n|t:|1662325569\n|switch|p1a: Quagsire|Quagsire, M|88\/100 tox\n|move|p2a: Corviknight|Spite||[still]\n|-fail|p2a: Corviknight\n|\n|-heal|p1a: Quagsire|94\/100 tox|[from] item: Leftovers\n|-damage|p1a: Quagsire|88\/100 tox|[from] psn\n|upkeep\n|turn|111\n|\n|t:|1662325577\n|switch|p1a: Corviknight|Corviknight, M|82\/100\n|-ability|p1a: Corviknight|Pressure\n|move|p2a: Corviknight|Brave Bird|p1a: Corviknight\n|-resisted|p1a: Corviknight\n|-damage|p1a: Corviknight|41\/100\n|-damage|p2a: Corviknight|87\/100|[from] Recoil\n|\n|-heal|p2a: Corviknight|93\/100|[from] item: Leftovers\n|upkeep\n|turn|112\n|\n|t:|1662325587\n|move|p1a: Corviknight|Roost|p1a: Corviknight\n|-heal|p1a: Corviknight|91\/100\n|-singleturn|p1a: Corviknight|move: Roost\n|move|p2a: Corviknight|Brave Bird|p1a: Corviknight\n|-resisted|p1a: Corviknight\n|-damage|p1a: Corviknight|46\/100\n|-damage|p2a: Corviknight|78\/100|[from] Recoil\n|\n|-heal|p2a: Corviknight|85\/100|[from] item: Leftovers\n|upkeep\n|turn|113\n|j| Oh So Cynical\n|\n|t:|1662325600\n|switch|p1a: Quagsire|Quagsire, M|88\/100 tox\n|move|p2a: Corviknight|Spite||[still]\n|-fail|p2a: Corviknight\n|\n|-heal|p2a: Corviknight|91\/100|[from] item: Leftovers\n|-heal|p1a: Quagsire|94\/100 tox|[from] item: Leftovers\n|-damage|p1a: Quagsire|88\/100 tox|[from] psn\n|upkeep\n|turn|114\n|j| Brenik\n|\n|t:|1662325609\n|move|p2a: Corviknight|Brave Bird|p1a: Quagsire\n|-damage|p1a: Quagsire|63\/100 tox\n|-damage|p2a: Corviknight|83\/100|[from] Recoil\n|move|p1a: Quagsire|Scald|p2a: Corviknight\n|-activate|p2a: Corviknight|move: Substitute|[damage]\n|\n|-heal|p2a: Corviknight|89\/100|[from] item: Leftovers\n|-heal|p1a: Quagsire|69\/100 tox|[from] item: Leftovers\n|-damage|p1a: Quagsire|57\/100 tox|[from] psn\n|upkeep\n|turn|115\n|inactive|ghecisbestvillain has 90 seconds left.\n|\n|t:|1662325623\n|move|p2a: Corviknight|Spite|p1a: Quagsire\n|-activate|p1a: Quagsire|move: Spite|Scald|4\n|move|p1a: Quagsire|Scald|p2a: Corviknight\n|-end|p2a: Corviknight|Substitute\n|\n|-heal|p2a: Corviknight|95\/100|[from] item: Leftovers\n|-heal|p1a: Quagsire|63\/100 tox|[from] item: Leftovers\n|-damage|p1a: Quagsire|45\/100 tox|[from] psn\n|upkeep\n|turn|116\n|c| Rubiaa|yall should maybe call a tie\n|inactive|ghecisbestvillain has 90 seconds left.\n|\n|t:|1662325635\n|switch|p1a: Toxapex|Toxapex, M|74\/100\n|move|p2a: Corviknight|Substitute|p2a: Corviknight\n|-start|p2a: Corviknight|Substitute\n|-damage|p2a: Corviknight|70\/100\n|\n|-heal|p2a: Corviknight|76\/100|[from] item: Leftovers\n|upkeep\n|turn|117\n|\n|t:|1662325645\n|switch|p1a: Quagsire|Quagsire, M|45\/100 tox\n|move|p2a: Corviknight|Brave Bird|p1a: Quagsire\n|-damage|p1a: Quagsire|17\/100 tox\n|-damage|p2a: Corviknight|67\/100|[from] Recoil\n|\n|-heal|p2a: Corviknight|74\/100|[from] item: Leftovers\n|-heal|p1a: Quagsire|23\/100 tox|[from] item: Leftovers\n|-damage|p1a: Quagsire|17\/100 tox|[from] psn\n|upkeep\n|turn|118\n|\n|t:|1662325659\n|move|p2a: Corviknight|Brave Bird|p1a: Quagsire\n|-damage|p1a: Quagsire|0 fnt\n|faint|p1a: Quagsire\n|-damage|p2a: Corviknight|68\/100|[from] Recoil\n|\n|-heal|p2a: Corviknight|75\/100|[from] item: Leftovers\n|upkeep\n|l| Oh So Cynical\n|c| Rubiaa|nvm\n|\n|t:|1662325666\n|switch|p1a: Zapdos|Zapdos|66\/100\n|-ability|p1a: Zapdos|Pressure\n|turn|119\n|\n|t:|1662325680\n|move|p1a: Zapdos|Roost|p1a: Zapdos\n|-heal|p1a: Zapdos|100\/100\n|-singleturn|p1a: Zapdos|move: Roost\n|move|p2a: Corviknight|Spite|p1a: Zapdos\n|-activate|p1a: Zapdos|move: Spite|Roost|4\n|\n|-heal|p2a: Corviknight|81\/100|[from] item: Leftovers\n|upkeep\n|turn|120\n|\n|t:|1662325690\n|move|p1a: Zapdos|Discharge|p2a: Corviknight\n|-supereffective|p2a: Corviknight\n|-end|p2a: Corviknight|Substitute\n|move|p2a: Corviknight|Brave Bird|p1a: Zapdos\n|-resisted|p1a: Zapdos\n|-damage|p1a: Zapdos|23\/100\n|-damage|p2a: Corviknight|57\/100|[from] Recoil\n|\n|-heal|p2a: Corviknight|63\/100|[from] item: Leftovers\n|upkeep\n|turn|121\n|\n|t:|1662325702\n|move|p1a: Zapdos|Discharge|p2a: Corviknight\n|-supereffective|p2a: Corviknight\n|-damage|p2a: Corviknight|19\/100\n|move|p2a: Corviknight|Brave Bird|p1a: Zapdos\n|-resisted|p1a: Zapdos\n|-damage|p1a: Zapdos|0 fnt\n|faint|p1a: Zapdos\n|-damage|p2a: Corviknight|12\/100|[from] Recoil\n|\n|-heal|p2a: Corviknight|18\/100|[from] item: Leftovers\n|upkeep\n|\n|t:|1662325712\n|switch|p1a: Victini|Victini|100\/100\n|turn|122\n|\n|t:|1662325716\n|switch|p2a: Dragonite|Dragonite, F|92\/100\n|move|p1a: Victini|V-create|p2a: Dragonite\n|-resisted|p2a: Dragonite\n|-damage|p2a: Dragonite|68\/100\n|-unboost|p1a: Victini|spe|1\n|-unboost|p1a: Victini|def|1\n|-unboost|p1a: Victini|spd|1\n|\n|upkeep\n|turn|123\n|\n|t:|1662325725\n|switch|p1a: Corviknight|Corviknight, M|46\/100\n|-ability|p1a: Corviknight|Pressure\n|move|p2a: Dragonite|Roost|p2a: Dragonite\n|-heal|p2a: Dragonite|100\/100\n|-singleturn|p2a: Dragonite|move: Roost\n|\n|upkeep\n|turn|124\n|\n|t:|1662325733\n|move|p2a: Dragonite|Ice Beam|p1a: Corviknight\n|-damage|p1a: Corviknight|27\/100\n|move|p1a: Corviknight|Roost|p1a: Corviknight\n|-heal|p1a: Corviknight|77\/100\n|-singleturn|p1a: Corviknight|move: Roost\n|\n|upkeep\n|turn|125\n|\n|t:|1662325740\n|switch|p2a: Clefable|Clefable, M|100\/100 brn\n|switch|p1a: Toxapex|Toxapex, M|100\/100\n|\n|upkeep\n|turn|126\n|\n|t:|1662325746\n|switch|p1a: Victini|Victini|100\/100\n|move|p2a: Clefable|Wish|p2a: Clefable\n|\n|upkeep\n|turn|127\n|\n|t:|1662325753\n|move|p1a: Victini|Power-Up Punch|p2a: Clefable\n|-resisted|p2a: Clefable\n|-crit|p2a: Clefable\n|-damage|p2a: Clefable|95\/100 brn\n|-boost|p1a: Victini|atk|1\n|move|p2a: Clefable|Teleport|p2a: Clefable\n|\n|t:|1662325756\n|switch|p2a: Corviknight|Corviknight, M|18\/100|[from]move: Teleport\n|-ability|p2a: Corviknight|Pressure\n|\n|-heal|p2a: Corviknight|67\/100|[from] move: Wish|[wisher] Clefable\n|-heal|p2a: Corviknight|73\/100|[from] item: Leftovers\n|upkeep\n|turn|128\n|inactive|ghecisbestvillain has 90 seconds left.\n|j| BestChad\n|\n|t:|1662325765\n|switch|p2a: Dragonite|Dragonite, F|100\/100\n|move|p1a: Victini|Power-Up Punch|p2a: Dragonite\n|-resisted|p2a: Dragonite\n|-damage|p2a: Dragonite|98\/100\n|-boost|p1a: Victini|atk|1\n|\n|upkeep\n|turn|129\n|inactive|ghecisbestvillain has 90 seconds left.\n|\n|t:|1662325789\n|move|p1a: Victini|Bolt Strike|p2a: Dragonite\n|-damage|p2a: Dragonite|55\/100\n|-status|p2a: Dragonite|par\n|move|p2a: Dragonite|Ice Beam|p1a: Victini\n|-resisted|p1a: Victini\n|-damage|p1a: Victini|94\/100\n|\n|upkeep\n|turn|130\n|inactive|ghecisbestvillain has 90 seconds left.\n|\n|t:|1662325796\n|move|p1a: Victini|Power-Up Punch|p2a: Dragonite\n|-resisted|p2a: Dragonite\n|-damage|p2a: Dragonite|48\/100 par\n|-boost|p1a: Victini|atk|1\n|move|p2a: Dragonite|Roost|p2a: Dragonite\n|-heal|p2a: Dragonite|98\/100 par\n|-singleturn|p2a: Dragonite|move: Roost\n|\n|upkeep\n|turn|131\n|inactive|ghecisbestvillain has 90 seconds left.\n|\n|t:|1662325805\n|move|p1a: Victini|Power-Up Punch|p2a: Dragonite\n|-resisted|p2a: Dragonite\n|-damage|p2a: Dragonite|90\/100 par\n|-boost|p1a: Victini|atk|1\n|move|p2a: Dragonite|Earthquake|p1a: Victini\n|-supereffective|p1a: Victini\n|-damage|p1a: Victini|42\/100\n|\n|upkeep\n|turn|132\n|inactive|ghecisbestvillain has 90 seconds left.\n|\n|t:|1662325813\n|move|p1a: Victini|Bolt Strike|p2a: Dragonite\n|-damage|p2a: Dragonite|18\/100 par\n|cant|p2a: Dragonite|par\n|\n|upkeep\n|turn|133\n|inactive|ghecisbestvillain has 90 seconds left.\n|inactive|dumpster dwelling has 120 seconds left.\n|\n|t:|1662325842\n|move|p1a: Victini|V-create|p2a: Dragonite\n|-resisted|p2a: Dragonite\n|-damage|p2a: Dragonite|0 fnt\n|-unboost|p1a: Victini|spe|1\n|-unboost|p1a: Victini|def|1\n|-unboost|p1a: Victini|spd|1\n|faint|p2a: Dragonite\n|\n|upkeep\n|\n|t:|1662325851\n|switch|p2a: Krookodile|Krookodile, M|61\/100\n|turn|134\n|\n|t:|1662325857\n|switch|p2a: Bronzong|Bronzong|100\/100\n|switch|p1a: Corviknight|Corviknight, M|77\/100\n|-ability|p1a: Corviknight|Pressure\n|\n|upkeep\n|turn|135\n|\n|t:|1662325864\n|switch|p1a: Victini|Victini|42\/100\n|move|p2a: Bronzong|Stealth Rock|p1a: Victini\n|-sidestart|p1: ghecisbestvillain|move: Stealth Rock\n|\n|upkeep\n|turn|136\n|inactive|dumpster dwelling has 120 seconds left.\n|\n|t:|1662325873\n|move|p1a: Victini|Rest|p1a: Victini\n|-status|p1a: Victini|slp|[from] move: Rest\n|-heal|p1a: Victini|100\/100 slp|[silent]\n|move|p2a: Bronzong|Toxic||[still]\n|-fail|p2a: Bronzong\n|\n|upkeep\n|turn|137\n|inactive|dumpster dwelling has 120 seconds left.\n|\n|t:|1662325880\n|switch|p1a: Corviknight|Corviknight, M|77\/100\n|-damage|p1a: Corviknight|65\/100|[from] Stealth Rock\n|-ability|p1a: Corviknight|Pressure\n|switch|p2a: Krookodile|Krookodile, M|61\/100\n|\n|upkeep\n|turn|138\n|inactive|dumpster dwelling has 120 seconds left.\n|\n|t:|1662325911\n|switch|p2a: Corviknight|Corviknight, M|73\/100\n|-ability|p2a: Corviknight|Pressure\n|move|p1a: Corviknight|Bulk Up|p1a: Corviknight\n|-boost|p1a: Corviknight|atk|1\n|-boost|p1a: Corviknight|def|1\n|\n|-heal|p2a: Corviknight|80\/100|[from] item: Leftovers\n|upkeep\n|turn|139\n|inactive|dumpster dwelling has 90 seconds left.\n|\n|t:|1662325922\n|move|p1a: Corviknight|Defog|p2a: Corviknight\n|-unboost|p2a: Corviknight|evasion|1\n|-sideend|p1: ghecisbestvillain|Stealth Rock|[from] move: Defog|[of] p1a: Corviknight\n|move|p2a: Corviknight|Bulk Up|p2a: Corviknight\n|-boost|p2a: Corviknight|atk|1\n|-boost|p2a: Corviknight|def|1\n|\n|-heal|p2a: Corviknight|86\/100|[from] item: Leftovers\n|upkeep\n|turn|140\n|inactive|dumpster dwelling has 90 seconds left.\n|\n|t:|1662325931\n|switch|p1a: Toxapex|Toxapex, M|100\/100\n|move|p2a: Corviknight|Bulk Up|p2a: Corviknight\n|-boost|p2a: Corviknight|atk|1\n|-boost|p2a: Corviknight|def|1\n|\n|-heal|p2a: Corviknight|92\/100|[from] item: Leftovers\n|upkeep\n|turn|141\n|inactive|dumpster dwelling has 90 seconds left.\n|\n|t:|1662325940\n|move|p2a: Corviknight|Substitute|p2a: Corviknight\n|-start|p2a: Corviknight|Substitute\n|-damage|p2a: Corviknight|67\/100\n|move|p1a: Toxapex|Haze|p1a: Toxapex\n|-clearallboost\n|\n|-heal|p2a: Corviknight|73\/100|[from] item: Leftovers\n|upkeep\n|turn|142\n|\n|t:|1662325949\n|switch|p1a: Corviknight|Corviknight, M|65\/100\n|-ability|p1a: Corviknight|Pressure\n|move|p2a: Corviknight|Bulk Up|p2a: Corviknight\n|-boost|p2a: Corviknight|atk|1\n|-boost|p2a: Corviknight|def|1\n|\n|-heal|p2a: Corviknight|80\/100|[from] item: Leftovers\n|upkeep\n|turn|143\n|\n|t:|1662325957\n|switch|p1a: Toxapex|Toxapex, M|100\/100\n|move|p2a: Corviknight|Bulk Up|p2a: Corviknight\n|-boost|p2a: Corviknight|atk|1\n|-boost|p2a: Corviknight|def|1\n|\n|-heal|p2a: Corviknight|86\/100|[from] item: Leftovers\n|upkeep\n|turn|144\n|inactive|dumpster dwelling has 90 seconds left.\n|\n|t:|1662325968\n|move|p2a: Corviknight|Brave Bird|p1a: Toxapex\n|-damage|p1a: Toxapex|58\/100\n|-damage|p2a: Corviknight|75\/100|[from] Recoil\n|move|p1a: Toxapex|Haze|p1a: Toxapex\n|-clearallboost\n|\n|-heal|p2a: Corviknight|81\/100|[from] item: Leftovers\n|upkeep\n|turn|145\n|inactive|dumpster dwelling has 90 seconds left.\n|\n|t:|1662325977\n|switch|p1a: Corviknight|Corviknight, M|65\/100\n|-ability|p1a: Corviknight|Pressure\n|move|p2a: Corviknight|Bulk Up|p2a: Corviknight\n|-boost|p2a: Corviknight|atk|1\n|-boost|p2a: Corviknight|def|1\n|\n|-heal|p2a: Corviknight|88\/100|[from] item: Leftovers\n|upkeep\n|turn|146\n|\n|t:|1662325986\n|switch|p1a: Toxapex|Toxapex, M|91\/100\n|move|p2a: Corviknight|Bulk Up|p2a: Corviknight\n|-boost|p2a: Corviknight|atk|1\n|-boost|p2a: Corviknight|def|1\n|\n|-heal|p2a: Corviknight|94\/100|[from] item: Leftovers\n|upkeep\n|turn|147\n|\n|t:|1662325993\n|move|p2a: Corviknight|Brave Bird|p1a: Toxapex\n|-damage|p1a: Toxapex|50\/100\n|-damage|p2a: Corviknight|84\/100|[from] Recoil\n|move|p1a: Toxapex|Haze|p1a: Toxapex\n|-clearallboost\n|\n|-heal|p2a: Corviknight|90\/100|[from] item: Leftovers\n|upkeep\n|turn|148\n|inactive|dumpster dwelling has 90 seconds left.\n|\n|t:|1662326014\n|switch|p2a: Bronzong|Bronzong|100\/100\n|switch|p1a: Corviknight|Corviknight, M|65\/100\n|-ability|p1a: Corviknight|Pressure\n|\n|upkeep\n|turn|149\n|\n|t:|1662326021\n|switch|p1a: Victini|Victini|100\/100 slp\n|move|p2a: Bronzong|Stealth Rock|p1a: Victini\n|-sidestart|p1: ghecisbestvillain|move: Stealth Rock\n|\n|upkeep\n|turn|150\n|\n|t:|1662326027\n|cant|p1a: Victini|slp\n|move|p2a: Bronzong|Future Sight|p1a: Victini\n|-start|p2a: Bronzong|move: Future Sight\n|\n|upkeep\n|turn|151\n|\n|t:|1662326030\n|switch|p1a: Corviknight|Corviknight, M|65\/100\n|-damage|p1a: Corviknight|52\/100|[from] Stealth Rock\n|-ability|p1a: Corviknight|Pressure\n|switch|p2a: Krookodile|Krookodile, M|61\/100\n|\n|upkeep\n|turn|152\n|inactive|dumpster dwelling has 90 seconds left.\n|\n|t:|1662326050\n|switch|p2a: Bronzong|Bronzong|100\/100\n|move|p1a: Corviknight|Roost|p1a: Corviknight\n|-heal|p1a: Corviknight|100\/100\n|-singleturn|p1a: Corviknight|move: Roost\n|\n|-end|p1a: Corviknight|move: Future Sight\n|-resisted|p1a: Corviknight\n|-damage|p1a: Corviknight|83\/100\n|upkeep\n|turn|153\n|\n|t:|1662326059\n|move|p1a: Corviknight|Defog|p2a: Bronzong\n|-unboost|p2a: Bronzong|evasion|1\n|-sideend|p1: ghecisbestvillain|Stealth Rock|[from] move: Defog|[of] p1a: Corviknight\n|move|p2a: Bronzong|Future Sight|p1a: Corviknight\n|-start|p2a: Bronzong|move: Future Sight\n|\n|upkeep\n|turn|154\n|j| BabyPigsAreLaughin\n|\n|t:|1662326067\n|switch|p1a: Victini|Victini|100\/100 slp\n|move|p2a: Bronzong|Stealth Rock|p1a: Victini\n|-sidestart|p1: ghecisbestvillain|move: Stealth Rock\n|\n|upkeep\n|turn|155\n|inactive|dumpster dwelling has 90 seconds left.\n|\n|t:|1662326074\n|switch|p2a: Corviknight|Corviknight, M|90\/100\n|-ability|p2a: Corviknight|Pressure\n|cant|p1a: Victini|slp\n|\n|-end|p1a: Victini|move: Future Sight\n|-resisted|p1a: Victini\n|-damage|p1a: Victini|89\/100 slp\n|-heal|p2a: Corviknight|96\/100|[from] item: Leftovers\n|upkeep\n|turn|156\n|inactive|dumpster dwelling has 90 seconds left.\n|\n|t:|1662326087\n|switch|p1a: Toxapex|Toxapex, M|84\/100\n|-damage|p1a: Toxapex|71\/100|[from] Stealth Rock\n|move|p2a: Corviknight|Spite||[still]\n|-fail|p2a: Corviknight\n|\n|-heal|p2a: Corviknight|100\/100|[from] item: Leftovers\n|upkeep\n|turn|157\n|\n|t:|1662326098\n|switch|p2a: Clefable|Clefable, M|95\/100 brn\n|switch|p1a: Corviknight|Corviknight, M|83\/100\n|-damage|p1a: Corviknight|71\/100|[from] Stealth Rock\n|-ability|p1a: Corviknight|Pressure\n|\n|upkeep\n|turn|158\n|\n|t:|1662326105\n|switch|p2a: Bronzong|Bronzong|100\/100\n|move|p1a: Corviknight|Bulk Up|p1a: Corviknight\n|-boost|p1a: Corviknight|atk|1\n|-boost|p1a: Corviknight|def|1\n|\n|upkeep\n|turn|159\n|\n|t:|1662326112\n|move|p1a: Corviknight|Defog|p2a: Bronzong\n|-unboost|p2a: Bronzong|evasion|1\n|-sideend|p1: ghecisbestvillain|Stealth Rock|[from] move: Defog|[of] p1a: Corviknight\n|move|p2a: Bronzong|Future Sight|p1a: Corviknight\n|-start|p2a: Bronzong|move: Future Sight\n|\n|upkeep\n|turn|160\n|\n|t:|1662326122\n|move|p1a: Corviknight|Bulk Up|p1a: Corviknight\n|-boost|p1a: Corviknight|atk|1\n|-boost|p1a: Corviknight|def|1\n|move|p2a: Bronzong|Stealth Rock|p1a: Corviknight\n|-sidestart|p1: ghecisbestvillain|move: Stealth Rock\n|\n|upkeep\n|turn|161\n|inactive|dumpster dwelling has 90 seconds left.\n|\n|t:|1662326137\n|switch|p2a: Krookodile|Krookodile, M|61\/100\n|move|p1a: Corviknight|Defog|p2a: Krookodile\n|-unboost|p2a: Krookodile|evasion|1\n|-sideend|p1: ghecisbestvillain|Stealth Rock|[from] move: Defog|[of] p1a: Corviknight\n|\n|-end|p1a: Corviknight|move: Future Sight\n|-resisted|p1a: Corviknight\n|-damage|p1a: Corviknight|54\/100\n|upkeep\n|turn|162\n|\n|t:|1662326146\n|switch|p2a: Corviknight|Corviknight, M|100\/100\n|-ability|p2a: Corviknight|Pressure\n|move|p1a: Corviknight|Brave Bird|p2a: Corviknight\n|-resisted|p2a: Corviknight\n|-damage|p2a: Corviknight|68\/100\n|-damage|p1a: Corviknight|43\/100|[from] Recoil\n|\n|-heal|p2a: Corviknight|74\/100|[from] item: Leftovers\n|upkeep\n|turn|163\n|\n|t:|1662326156\n|switch|p1a: Toxapex|Toxapex, M|100\/100\n|move|p2a: Corviknight|Spite||[still]\n|-fail|p2a: Corviknight\n|\n|-heal|p2a: Corviknight|81\/100|[from] item: Leftovers\n|upkeep\n|turn|164\n|inactive|ghecisbestvillain has 90 seconds left.\n|\n|t:|1662326176\n|switch|p2a: Bronzong|Bronzong|100\/100\n|switch|p1a: Victini|Victini|89\/100 slp\n|\n|upkeep\n|turn|165\n|inactive|ghecisbestvillain has 90 seconds left.\n|c| Partynparadise|rubiaa\n|inactive|dumpster dwelling has 60 seconds left.\n|\n|t:|1662326191\n|switch|p1a: Corviknight|Corviknight, M|43\/100\n|-ability|p1a: Corviknight|Pressure\n|switch|p2a: Clefable|Clefable, M|95\/100 brn\n|\n|upkeep\n|turn|166\n|c| Partynparadise|wassup man\n|inactive|ghecisbestvillain has 90 seconds left.\n|c| Rubiaa|yo\n|\n|t:|1662326198\n|move|p1a: Corviknight|Roost|p1a: Corviknight\n|-heal|p1a: Corviknight|93\/100\n|-singleturn|p1a: Corviknight|move: Roost\n|move|p2a: Clefable|Wish|p2a: Clefable\n|\n|upkeep\n|turn|167\n|c| Rubiaa|who u? LOL\n|inactive|ghecisbestvillain has 90 seconds left.\n|c| Rubiaa|sorry, have we met?\n|\n|t:|1662326205\n|switch|p1a: Victini|Victini|89\/100 slp\n|move|p2a: Clefable|Teleport|p2a: Clefable\n|\n|t:|1662326207\n|switch|p2a: Krookodile|Krookodile, M|61\/100|[from]move: Teleport\n|\n|-heal|p2a: Krookodile|100\/100|[from] move: Wish|[wisher] Clefable\n|upkeep\n|turn|168\n|c| Partynparadise|u told me to add you on discord\n|j| Ctannn\n|inactive|dumpster dwelling has 60 seconds left.\n|\n|t:|1662326223\n|switch|p2a: Bronzong|Bronzong|100\/100\n|switch|p1a: Corviknight|Corviknight, M|93\/100\n|-ability|p1a: Corviknight|Pressure\n|\n|upkeep\n|turn|169\n|c| Rubiaa|whats your disc name?\n|c| Partynparadise|u never responded lmao\n|\n|t:|1662326231\n|switch|p1a: Victini|Victini|89\/100 slp\n|move|p2a: Bronzong|Future Sight|p1a: Victini\n|-start|p2a: Bronzong|move: Future Sight\n|\n|upkeep\n|turn|170\n|\n|t:|1662326238\n|-curestatus|p1a: Victini|slp|[msg]\n|move|p1a: Victini|Power-Up Punch|p2a: Bronzong\n|-damage|p2a: Bronzong|93\/100\n|-boost|p1a: Victini|atk|1\n|move|p2a: Bronzong|Stealth Rock|p1a: Victini\n|-sidestart|p1: ghecisbestvillain|move: Stealth Rock\n|\n|-heal|p2a: Bronzong|99\/100|[from] item: Leftovers\n|upkeep\n|turn|171\n|inactive|dumpster dwelling also wants the timer to be on.\n|c| Rubiaa|whats your disc name?\n|inactive|dumpster dwelling has 60 seconds left.\n|\n|t:|1662326253\n|switch|p2a: Clefable|Clefable, M|95\/100 brn\n|move|p1a: Victini|Power-Up Punch|p2a: Clefable\n|-resisted|p2a: Clefable\n|-damage|p2a: Clefable|89\/100 brn\n|-boost|p1a: Victini|atk|1\n|\n|-end|p1a: Victini|move: Future Sight\n|-resisted|p1a: Victini\n|-damage|p1a: Victini|79\/100\n|upkeep\n|turn|172\n|\n|t:|1662326262\n|switch|p2a: Corviknight|Corviknight, M|81\/100\n|-ability|p2a: Corviknight|Pressure\n|move|p1a: Victini|Power-Up Punch|p2a: Corviknight\n|-damage|p2a: Corviknight|64\/100\n|-boost|p1a: Victini|atk|1\n|\n|-heal|p2a: Corviknight|70\/100|[from] item: Leftovers\n|upkeep\n|turn|173\n|\n|t:|1662326272\n|move|p1a: Victini|V-create|p2a: Corviknight\n|-supereffective|p2a: Corviknight\n|-damage|p2a: Corviknight|0 fnt\n|-unboost|p1a: Victini|spe|1\n|-unboost|p1a: Victini|def|1\n|-unboost|p1a: Victini|spd|1\n|faint|p2a: Corviknight\n|\n|upkeep\n|\n|t:|1662326278\n|switch|p2a: Krookodile|Krookodile, M|100\/100\n|turn|174\n|\n|t:|1662326282\n|switch|p2a: Bronzong|Bronzong|99\/100\n|switch|p1a: Corviknight|Corviknight, M|93\/100\n|-damage|p1a: Corviknight|80\/100|[from] Stealth Rock\n|-ability|p1a: Corviknight|Pressure\n|\n|-heal|p2a: Bronzong|100\/100|[from] item: Leftovers\n|upkeep\n|turn|175\n|\n|t:|1662326291\n|move|p1a: Corviknight|Defog|p2a: Bronzong\n|-unboost|p2a: Bronzong|evasion|1\n|-sideend|p1: ghecisbestvillain|Stealth Rock|[from] move: Defog|[of] p1a: Corviknight\n|move|p2a: Bronzong|Body Press|p1a: Corviknight\n|-damage|p1a: Corviknight|67\/100\n|\n|upkeep\n|turn|176\n|\n|t:|1662326298\n|switch|p1a: Toxapex|Toxapex, M|100\/100\n|move|p2a: Bronzong|Stealth Rock|p1a: Toxapex\n|-sidestart|p1: ghecisbestvillain|move: Stealth Rock\n|\n|upkeep\n|turn|177\n|\n|t:|1662326304\n|switch|p1a: Corviknight|Corviknight, M|67\/100\n|-damage|p1a: Corviknight|54\/100|[from] Stealth Rock\n|-ability|p1a: Corviknight|Pressure\n|switch|p2a: Clefable|Clefable, M|89\/100 brn\n|\n|upkeep\n|turn|178\n|j| msk930\n|\n|t:|1662326313\n|move|p1a: Corviknight|Bulk Up|p1a: Corviknight\n|-boost|p1a: Corviknight|atk|1\n|-boost|p1a: Corviknight|def|1\n|move|p2a: Clefable|Teleport|p2a: Clefable\n|\n|t:|1662326314\n|switch|p2a: Bronzong|Bronzong|100\/100|[from]move: Teleport\n|\n|upkeep\n|turn|179\n|l| msk930\n|\n|t:|1662326320\n|move|p1a: Corviknight|Bulk Up|p1a: Corviknight\n|-boost|p1a: Corviknight|atk|1\n|-boost|p1a: Corviknight|def|1\n|move|p2a: Bronzong|Body Press|p1a: Corviknight\n|-crit|p1a: Corviknight\n|-damage|p1a: Corviknight|34\/100\n|\n|upkeep\n|turn|180\n|\n|t:|1662326326\n|move|p1a: Corviknight|Bulk Up|p1a: Corviknight\n|-boost|p1a: Corviknight|atk|1\n|-boost|p1a: Corviknight|def|1\n|move|p2a: Bronzong|Body Press|p1a: Corviknight\n|-damage|p1a: Corviknight|28\/100\n|\n|upkeep\n|turn|181\n|\n|t:|1662326333\n|switch|p2a: Krookodile|Krookodile, M|100\/100\n|move|p1a: Corviknight|Roost|p1a: Corviknight\n|-heal|p1a: Corviknight|78\/100\n|-singleturn|p1a: Corviknight|move: Roost\n|\n|upkeep\n|turn|182\n|\n|t:|1662326339\n|move|p2a: Krookodile|Foul Play|p1a: Corviknight\n|-damage|p1a: Corviknight|62\/100\n|move|p1a: Corviknight|Bulk Up|p1a: Corviknight\n|-boost|p1a: Corviknight|atk|1\n|-boost|p1a: Corviknight|def|1\n|\n|upkeep\n|turn|183\n|\n|t:|1662326347\n|switch|p2a: Bronzong|Bronzong|100\/100\n|move|p1a: Corviknight|Defog|p2a: Bronzong\n|-unboost|p2a: Bronzong|evasion|1\n|-sideend|p1: ghecisbestvillain|Stealth Rock|[from] move: Defog|[of] p1a: Corviknight\n|\n|upkeep\n|turn|184\n|j| Crinzz\n|\n|t:|1662326354\n|move|p1a: Corviknight|Bulk Up|p1a: Corviknight\n|-boost|p1a: Corviknight|atk|1\n|-boost|p1a: Corviknight|def|1\n|move|p2a: Bronzong|Body Press|p1a: Corviknight\n|-damage|p1a: Corviknight|58\/100\n|\n|upkeep\n|turn|185\n|\n|t:|1662326359\n|move|p1a: Corviknight|Bulk Up|p1a: Corviknight\n|-boost|p1a: Corviknight|atk|1\n|-boost|p1a: Corviknight|def|1\n|move|p2a: Bronzong|Body Press|p1a: Corviknight\n|-damage|p1a: Corviknight|54\/100\n|\n|upkeep\n|turn|186\n|\n|t:|1662326369\n|move|p1a: Corviknight|Brave Bird|p2a: Bronzong\n|-resisted|p2a: Bronzong\n|-damage|p2a: Bronzong|46\/100\n|-damage|p1a: Corviknight|39\/100|[from] Recoil\n|move|p2a: Bronzong|Body Press|p1a: Corviknight\n|-damage|p1a: Corviknight|35\/100\n|\n|-heal|p2a: Bronzong|53\/100|[from] item: Leftovers\n|upkeep\n|turn|187\n|inactive|dumpster dwelling has 90 seconds left.\n|\n|t:|1662326381\n|switch|p2a: Clefable|Clefable, M|89\/100 brn\n|move|p1a: Corviknight|Brave Bird|p2a: Clefable\n|-damage|p2a: Clefable|0 fnt\n|faint|p2a: Clefable\n|-damage|p1a: Corviknight|6\/100|[from] Recoil\n|\n|upkeep\n|j| Hedon\n|\n|t:|1662326390\n|switch|p2a: Krookodile|Krookodile, M|100\/100\n|turn|188\n|\n|t:|1662326399\n|switch|p1a: Toxapex|Toxapex, M|100\/100\n|move|p2a: Krookodile|Foul Play|p1a: Toxapex\n|-damage|p1a: Toxapex|87\/100\n|\n|upkeep\n|turn|189\n|\n|t:|1662326405\n|move|p2a: Krookodile|Foul Play|p1a: Toxapex\n|-damage|p1a: Toxapex|74\/100\n|move|p1a: Toxapex|Scald|p2a: Krookodile\n|-supereffective|p2a: Krookodile\n|-damage|p2a: Krookodile|59\/100\n|\n|upkeep\n|turn|190\n|\n|t:|1662326411\n|switch|p2a: Bronzong|Bronzong|53\/100\n|move|p1a: Toxapex|Scald|p2a: Bronzong\n|-damage|p2a: Bronzong|42\/100\n|\n|-heal|p2a: Bronzong|48\/100|[from] item: Leftovers\n|upkeep\n|turn|191\n|\n|t:|1662326419\n|switch|p1a: Corviknight|Corviknight, M|6\/100\n|-ability|p1a: Corviknight|Pressure\n|move|p2a: Bronzong|Body Press|p1a: Corviknight\n|-damage|p1a: Corviknight|0 fnt\n|faint|p1a: Corviknight\n|\n|-heal|p2a: Bronzong|54\/100|[from] item: Leftovers\n|upkeep\n|c| Rubiaa|gg\n|\n|t:|1662326428\n|switch|p1a: Victini|Victini|79\/100\n|turn|192\n|c| Rubiaa|finally LOL\n|\n|t:|1662326433\n|move|p1a: Victini|V-create|p2a: Bronzong\n|-supereffective|p2a: Bronzong\n|-damage|p2a: Bronzong|0 fnt\n|-unboost|p1a: Victini|spe|1\n|-unboost|p1a: Victini|def|1\n|-unboost|p1a: Victini|spd|1\n|faint|p2a: Bronzong\n|\n|upkeep\n|\n|t:|1662326434\n|switch|p2a: Krookodile|Krookodile, M|59\/100\n|turn|193\n|\n|t:|1662326443\n|move|p2a: Krookodile|Earthquake|p1a: Victini\n|-supereffective|p1a: Victini\n|-damage|p1a: Victini|0 fnt\n|faint|p1a: Victini\n|-ability|p2a: Krookodile|Moxie|boost\n|-boost|p2a: Krookodile|atk|1\n|\n|upkeep\n|\n|t:|1662326449\n|switch|p1a: Toxapex|Toxapex, M|100\/100\n|turn|194\n|\n|t:|1662326452\n|move|p2a: Krookodile|Earthquake|p1a: Toxapex\n|-supereffective|p1a: Toxapex\n|-damage|p1a: Toxapex|9\/100\n|move|p1a: Toxapex|Scald|p2a: Krookodile\n|-supereffective|p2a: Krookodile\n|-damage|p2a: Krookodile|13\/100\n|-status|p2a: Krookodile|brn\n|\n|-damage|p2a: Krookodile|7\/100 brn|[from] brn\n|upkeep\n|turn|195\n|c|\u2606dumpster dwelling|GGG\n|c|\u2606dumpster dwelling|GG\n|inactive|ghecisbestvillain has 90 seconds left.\n|c|\u2606dumpster dwelling|BITCHHHHHHHHHHHHHHHHHH\n|c| Rubiaa|LOL\n|c| Rubiaa|he choked\n|c|\u2606ghecisbestvillain|your mom die\n|c| Rubiaa|all he had to do was roost\n|c| BabyPigsAreLaughin|I would let the time run out.\n|c|\u2606ghecisbestvillain|TOMORROW\n|c|\u2606dumpster dwelling|lmaoooooo\n|c|\u2606ghecisbestvillain|SHE\n|c|\u2606ghecisbestvillain|DIE\n|c|\u2606ghecisbestvillain|SHE\n|c|\u2606ghecisbestvillain|DIE\n|c|\u2606dumpster dwelling|I'm sry bro, she's alive\n|inactive|ghecisbestvillain has 60 seconds left.\n|c| Rubiaa|LOL\n|c|\u2606ghecisbestvillain|R --- A ... P ... E\n|c|\u2606ghecisbestvillain|AND AFTER KILL HER\n|c| Rubiaa|._.\n|c|\u2606ghecisbestvillain|TODAY IT'S ALIVE\n|c|\u2606dumpster dwelling|Woahhhhh, strong's words. U kisd yo mother with that mouth?\n|c| Rubiaa|LOL\n|c|\u2606ghecisbestvillain|BUT TOMORROW...\n|inactive|ghecisbestvillain has 30 seconds left.\n|c|\u2606ghecisbestvillain|WAIT ME\n|inactive|ghecisbestvillain has 20 seconds left.\n|c| BabyPigsAreLaughin|Those death threats, though.\n|inactive|ghecisbestvillain has 15 seconds left.\n|c| Rubiaa|fr\n|c|\u2606ghecisbestvillain|WAIT ME\n|inactive|ghecisbestvillain has 10 seconds left.\n|c|\u2606ghecisbestvillain|T\n|c|\u2606ghecisbestvillain|O\n|c|\u2606ghecisbestvillain|M\n|c|\u2606ghecisbestvillain|O\n|c|\u2606ghecisbestvillain|R\n|inactive|ghecisbestvillain has 5 seconds left.\n|c|\u2606ghecisbestvillain|R\n|c|\u2606ghecisbestvillain|O\n|c|\u2606ghecisbestvillain|W\n|c| Rubiaa|bro can get banned for this\n|-message|ghecisbestvillain lost due to inactivity.\n|\n|win|dumpster dwelling\n|raw|ghecisbestvillain's rating: 1708 &rarr; <strong>1685<\/strong><br \/>(-23 for losing)\n|raw|dumpster dwelling's rating: 1660 &rarr; <strong>1683<\/strong><br \/>(+23 for winning)\n|c|\u2606ghecisbestvillain|AND YOUR MOM DIE\n|l| Crinzz\n|c| Rubiaa|got taken out of 1700s\n|c|\u2606dumpster dwelling|FOH\n|c| Rubiaa|FOH\n|c|\u2606ghecisbestvillain|T\n|c|\u2606ghecisbestvillain|O\n|c|\u2606dumpster dwelling|FOHHHHHHHHHHHH\n|c|\u2606ghecisbestvillain|M\n|c|\u2606ghecisbestvillain|O\n|c|\u2606ghecisbestvillain|R\n|c|\u2606ghecisbestvillain|R\n|c| Rubiaa|FOHHHHHHHHHHHHHHHHHHHHHH\n|c|\u2606ghecisbestvillain|O\n|c|\u2606ghecisbestvillain|W\n|c| Rubiaa|FOHHHHHHHHHHHHHH\n|c| Partynparadise|Smh lol\n|c|\u2606ghecisbestvillain|WHAT THE FUCK YOU SAY IDIOT WITH YOUR SECOND PROFILE?\n|n|\u203dghecisbestvillain|ghecisbestvillain\n|c|&|\/log ghecisbestvillain was locked from talking by Artemis (\u2606ghecisbestvillain: WHAT THE FUCK YOU SAY IDIOT WITH YOUR SECOND PROFILE?)\n|c|&|\/raw <small>This action was done automatically. Want to learn more about the AI? <a href=\"https:\/\/www.smogon.com\/forums\/threads\/3570628\/#post-9056769\">Visit the information thread<\/a>.<\/small>\n|c| Rubiaa|LMAOO\n|l| Brenik\n||Ladder isn't responding, score probably updated but might not have (Request timeout).\n|l| Ctannn\n|c| BabyPigsAreLaughin|I've never seen someone make death threats over losing a game. That was crazy.\n|c| Rubiaa|lol\n|c| Rubiaa|its the way it is ig\n|c| Rubiaa|he lost tho\n|c| Rubiaa|w stall and got mad\n|c| Rubiaa|x.x\n","uploadtime":1662326473,"views":32,"p1id":"ghecisbestvillain","p2id":"dumpsterdwelling","formatid":"gen8ou","rating":1683,"private":0,"password":null}