{"id":"gen8ou-1022787553","p1":"Lunar Neo","p2":"sun520","format":"gen8ou","log":"|j|\u2606Lunar Neo\n|j|\u2606sun520\n|player|p1|Lunar Neo|248|1649\n|player|p2|sun520|153|1553\n|teamsize|p1|6\n|teamsize|p2|6\n|gametype|singles\n|gen|8\n|tier|[Gen 8] OU\n|rated|\n|rule|Sleep Clause Mod: Limit one foe put to sleep\n|rule|Species Clause: Limit one of each Pok\u00e9mon\n|rule|OHKO Clause: OHKO moves are banned\n|rule|Evasion Moves Clause: Evasion moves are banned\n|rule|Endless Battle Clause: Forcing endless battles is banned\n|rule|HP Percentage Mod: HP is shown in percentages\n|clearpoke\n|poke|p1|Hydreigon, M|\n|poke|p1|Mamoswine, F|\n|poke|p1|Aegislash, M|\n|poke|p1|Clefable, F|\n|poke|p1|Rotom-Wash|\n|poke|p1|Toxtricity, F|\n|poke|p2|Hippowdon, M|\n|poke|p2|Excadrill, M|\n|poke|p2|Sirfetch'd, M|\n|poke|p2|Ferrothorn, F|\n|poke|p2|Duraludon, F|\n|poke|p2|Togekiss, F|\n|teampreview\n|j| psaro2009\n|\n|start\n|switch|p1a: Mamoswine|Mamoswine, F|100\/100\n|switch|p2a: Sirfetch'd|Sirfetch'd, M|100\/100\n|turn|1\n|\n|switch|p1a: Clefable|Clefable, F|100\/100\n|move|p2a: Sirfetch'd|Close Combat|p1a: Clefable\n|-resisted|p1a: Clefable\n|-damage|p1a: Clefable|56\/100\n|-unboost|p2a: Sirfetch'd|def|1\n|-unboost|p2a: Sirfetch'd|spd|1\n|\n|-heal|p1a: Clefable|62\/100|[from] item: Leftovers\n|upkeep\n|turn|2\n|\n|switch|p2a: Duraludon|Duraludon, F|100\/100\n|move|p1a: Clefable|Flamethrower|p2a: Duraludon\n|-damage|p2a: Duraludon|75\/100\n|\n|-heal|p1a: Clefable|68\/100|[from] item: Leftovers\n|upkeep\n|turn|3\n|\n|switch|p1a: Aegislash|Aegislash, M|100\/100\n|move|p2a: Duraludon|Flash Cannon|p1a: Aegislash\n|-resisted|p1a: Aegislash\n|-damage|p1a: Aegislash|86\/100\n|\n|-heal|p1a: Aegislash|92\/100|[from] item: Leftovers\n|upkeep\n|turn|4\n|l| psaro2009\n|inactive|Battle timer is ON: inactive players will automatically lose when time's up. (requested by sun520)\n|\n|move|p2a: Duraludon|Dark Pulse|p1a: Aegislash\n|-supereffective|p1a: Aegislash\n|-crit|p1a: Aegislash\n|-damage|p1a: Aegislash|32\/100\n|-formechange|p1a: Aegislash|Aegislash-Blade||[from] ability: Stance Change\n|move|p1a: Aegislash|Shadow Ball|p2a: Duraludon\n|-damage|p2a: Duraludon|12\/100\n|\n|-heal|p1a: Aegislash|38\/100|[from] item: Leftovers\n|upkeep\n|turn|5\n|\n|-formechange|p1a: Aegislash|Aegislash||[from] ability: Stance Change\n|move|p1a: Aegislash|King's Shield|p1a: Aegislash\n|-singleturn|p1a: Aegislash|Protect\n|move|p2a: Duraludon|Dark Pulse|p1a: Aegislash\n|-activate|p1a: Aegislash|move: Protect\n|\n|-heal|p1a: Aegislash|44\/100|[from] item: Leftovers\n|upkeep\n|turn|6\n|\n|move|p2a: Duraludon|Draco Meteor|p1a: Aegislash\n|-resisted|p1a: Aegislash\n|-damage|p1a: Aegislash|18\/100\n|-unboost|p2a: Duraludon|spa|2\n|-formechange|p1a: Aegislash|Aegislash-Blade||[from] ability: Stance Change\n|move|p1a: Aegislash|Shadow Ball|p2a: Duraludon\n|-damage|p2a: Duraludon|0 fnt\n|faint|p2a: Duraludon\n|\n|-heal|p1a: Aegislash|24\/100|[from] item: Leftovers\n|upkeep\n|inactive|sun520 has 120 seconds left.\n|\n|switch|p2a: Excadrill|Excadrill, M|100\/100\n|turn|7\n|\n|switch|p1a: Rotom|Rotom-Wash|100\/100\n|move|p2a: Excadrill|Swords Dance|p2a: Excadrill\n|-boost|p2a: Excadrill|atk|2\n|\n|upkeep\n|turn|8\n|j| psaro2009\n|j| gare23limit\n|\n|-start|p2a: Excadrill|Dynamax\n|-heal|p2a: Excadrill|100\/100|[silent]\n|move|p2a: Excadrill|Max Rockfall|p1a: Rotom\n|-damage|p1a: Rotom|0 fnt\n|-weather|Sandstorm\n|-damage|p2a: Excadrill|96\/100|[from] item: Life Orb\n|faint|p1a: Rotom\n|\n|-weather|Sandstorm|[upkeep]\n|upkeep\n|\n|switch|p1a: Hydreigon|Hydreigon, M|100\/100\n|turn|9\n|\n|-start|p1a: Hydreigon|Dynamax\n|-heal|p1a: Hydreigon|100\/100|[silent]\n|move|p1a: Hydreigon|Max Guard|p1a: Hydreigon\n|-singleturn|p1a: Hydreigon|Max Guard\n|move|p2a: Excadrill|Max Steelspike|p1a: Hydreigon\n|-activate|p1a: Hydreigon|move: Max Guard\n|\n|-weather|Sandstorm|[upkeep]\n|-damage|p1a: Hydreigon|97\/100|[from] Sandstorm\n|-heal|p1a: Hydreigon|100\/100|[from] item: Leftovers\n|upkeep\n|turn|10\n|\n|move|p2a: Excadrill|Max Steelspike|p1a: Hydreigon\n|-damage|p1a: Hydreigon|0 fnt\n|-boost|p2a: Excadrill|def|1\n|-damage|p2a: Excadrill|91\/100|[from] item: Life Orb\n|faint|p1a: Hydreigon\n|\n|-weather|Sandstorm|[upkeep]\n|-end|p2a: Excadrill|Dynamax\n|-heal|p2a: Excadrill|91\/100|[silent]\n|upkeep\n|-message|Lunar Neo forfeited.\n|\n|win|sun520\n|l|\u2606Lunar Neo\n||Ladder (probably) updated, but score could not be retrieved (Response not received).\n|error|Unexpected response null from ladder server.\n","uploadtime":1575476881,"views":11,"p1id":"lunarneo","p2id":"sun520","formatid":"gen8ou","rating":0,"private":0,"password":null}