{"id":"gen8ou-1153882967","p1":"Rencube \u30c4","p2":"user1_ou","format":"gen8ou","log":"|j|\u2606Rencube \u30c4\n|j|\u2606user1_ou\n|player|p1|Rencube \u30c4|clemont|1723\n|player|p2|user1_ou|eusine|1654\n|teamsize|p1|6\n|teamsize|p2|6\n|gametype|singles\n|gen|8\n|tier|[Gen 8] OU\n|rated|\n|clearpoke\n|poke|p1|Toxapex, F|\n|poke|p1|Cinderace, M|\n|poke|p1|Clefable, M|\n|poke|p1|Hippowdon, M|\n|poke|p1|Corviknight, M|\n|poke|p1|Chansey, F|\n|poke|p2|Clefable, M|\n|poke|p2|Ferrothorn, M|\n|poke|p2|Excadrill, F|\n|poke|p2|Blissey, F|\n|poke|p2|Dragapult, F|\n|poke|p2|Rotom-Heat|\n|rule|Sleep Clause Mod: Limit one foe put to sleep\n|rule|Species Clause: Limit one of each Pok\u00e9mon\n|rule|OHKO Clause: OHKO moves are banned\n|rule|Evasion Moves Clause: Evasion moves are banned\n|rule|Endless Battle Clause: Forcing endless battles is banned\n|rule|HP Percentage Mod: HP is shown in percentages\n|rule|Dynamax Clause: You cannot dynamax\n|teampreview\n|\n|start\n|switch|p1a: SHATTERING|Cinderace, M|100\/100\n|switch|p2a: Dragapult|Dragapult, F|100\/100\n|turn|1\n|\n|switch|p1a: MAD ASPECT|Toxapex, F|100\/100\n|move|p2a: Dragapult|Thunder Wave|p1a: MAD ASPECT\n|-status|p1a: MAD ASPECT|par\n|\n|upkeep\n|turn|2\n|\n|move|p2a: Dragapult|U-turn|p1a: MAD ASPECT\n|-resisted|p1a: MAD ASPECT\n|-damage|p1a: MAD ASPECT|93\/100 par\n|\n|switch|p2a: Ferrothorn|Ferrothorn, M|100\/100|[from]move: U-turn\n|move|p1a: MAD ASPECT|Knock Off|p2a: Ferrothorn\n|-crit|p2a: Ferrothorn\n|-damage|p2a: Ferrothorn|88\/100\n|-damage|p1a: MAD ASPECT|81\/100 par|[from] ability: Iron Barbs|[of] p2a: Ferrothorn\n|-damage|p1a: MAD ASPECT|64\/100 par|[from] item: Rocky Helmet|[of] p2a: Ferrothorn\n|-enditem|p2a: Ferrothorn|Rocky Helmet|[from] move: Knock Off|[of] p1a: MAD ASPECT\n|\n|-heal|p1a: MAD ASPECT|70\/100 par|[from] item: Black Sludge\n|upkeep\n|turn|3\n|\n|switch|p1a: SHATTERING|Cinderace, M|100\/100\n|move|p2a: Ferrothorn|Spikes|p1a: SHATTERING\n|-sidestart|p1: Rencube \u30c4|Spikes\n|\n|upkeep\n|turn|4\n|\n|switch|p2a: Dragapult|Dragapult, F|100\/100\n|move|p1a: SHATTERING|Gunk Shot|p2a: Dragapult\n|-start|p1a: SHATTERING|typechange|Poison|[from] ability: Libero\n|-resisted|p2a: Dragapult\n|-damage|p2a: Dragapult|58\/100\n|\n|upkeep\n|turn|5\n|j| myjava\n|\n|switch|p1a: DRAGONLORD|Corviknight, M|100\/100\n|-ability|p1a: DRAGONLORD|Pressure\n|move|p2a: Dragapult|U-turn|p1a: DRAGONLORD\n|-resisted|p1a: DRAGONLORD\n|-damage|p1a: DRAGONLORD|97\/100\n|-damage|p2a: Dragapult|41\/100|[from] item: Rocky Helmet|[of] p1a: DRAGONLORD\n|\n|switch|p2a: Rotom|Rotom-Heat|100\/100|[from]move: U-turn\n|\n|upkeep\n|turn|6\n|\n|move|p2a: Rotom|Discharge|p1a: DRAGONLORD\n|-supereffective|p1a: DRAGONLORD\n|-damage|p1a: DRAGONLORD|43\/100\n|-status|p1a: DRAGONLORD|par\n|move|p1a: DRAGONLORD|U-turn|p2a: Rotom\n|-resisted|p2a: Rotom\n|-damage|p2a: Rotom|93\/100\n|\n|switch|p1a: CATACLYSM|Chansey, F|100\/100|[from]move: U-turn\n|-damage|p1a: CATACLYSM|88\/100|[from] Spikes\n|\n|upkeep\n|turn|7\n|\n|switch|p2a: Ferrothorn|Ferrothorn, M|88\/100\n|move|p1a: CATACLYSM|Heal Bell|p1a: CATACLYSM\n|-activate|p1a: CATACLYSM|move: Heal Bell\n|-curestatus|p1: MAD ASPECT|par|[msg]\n|-curestatus|p1: DRAGONLORD|par|[msg]\n|\n|upkeep\n|turn|8\n|\n|switch|p1a: DRAGONLORD|Corviknight, M|43\/100\n|-ability|p1a: DRAGONLORD|Pressure\n|move|p2a: Ferrothorn|Spikes|p1a: DRAGONLORD\n|-sidestart|p1: Rencube \u30c4|Spikes\n|\n|upkeep\n|turn|9\n|\n|move|p1a: DRAGONLORD|Defog|p2a: Ferrothorn\n|-unboost|p2a: Ferrothorn|evasion|1\n|-sideend|p1: Rencube \u30c4|Spikes|[from] move: Defog|[of] p1a: DRAGONLORD\n|move|p2a: Ferrothorn|Leech Seed|p1a: DRAGONLORD\n|-start|p1a: DRAGONLORD|move: Leech Seed\n|\n|-damage|p1a: DRAGONLORD|31\/100|[from] Leech Seed|[of] p2a: Ferrothorn\n|-heal|p2a: Ferrothorn|100\/100|[silent]\n|upkeep\n|turn|10\n|\n|move|p1a: DRAGONLORD|Roost|p1a: DRAGONLORD\n|-heal|p1a: DRAGONLORD|81\/100\n|-singleturn|p1a: DRAGONLORD|move: Roost\n|move|p2a: Ferrothorn|Thunder Wave|p1a: DRAGONLORD\n|-status|p1a: DRAGONLORD|par\n|\n|-damage|p1a: DRAGONLORD|68\/100 par|[from] Leech Seed|[of] p2a: Ferrothorn\n|upkeep\n|turn|11\n|\n|switch|p1a: NELTHARION|Clefable, M, shiny|100\/100\n|move|p2a: Ferrothorn|Spikes|p1a: NELTHARION\n|-sidestart|p1: Rencube \u30c4|Spikes\n|\n|upkeep\n|turn|12\n|\n|move|p1a: NELTHARION|Thunder Wave|p2a: Ferrothorn\n|-status|p2a: Ferrothorn|par\n|move|p2a: Ferrothorn|Knock Off|p1a: NELTHARION\n|-resisted|p1a: NELTHARION\n|-damage|p1a: NELTHARION|93\/100\n|-enditem|p1a: NELTHARION|Leftovers|[from] move: Knock Off|[of] p2a: Ferrothorn\n|\n|upkeep\n|turn|13\n|\n|move|p1a: NELTHARION|Knock Off|p2a: Ferrothorn\n|-damage|p2a: Ferrothorn|94\/100 par\n|-damage|p1a: NELTHARION|80\/100|[from] ability: Iron Barbs|[of] p2a: Ferrothorn\n|move|p2a: Ferrothorn|Thunder Wave|p1a: NELTHARION\n|-status|p1a: NELTHARION|par\n|\n|upkeep\n|turn|14\n|j| angrrry\n|\n|switch|p1a: DRAGONLORD|Corviknight, M|68\/100 par\n|-ability|p1a: DRAGONLORD|Pressure\n|switch|p2a: Excadrill|Excadrill, F|100\/100\n|-ability|p2a: Excadrill|Mold Breaker\n|\n|upkeep\n|turn|15\n|\n|switch|p2a: Rotom|Rotom-Heat|93\/100\n|move|p1a: DRAGONLORD|Roost|p1a: DRAGONLORD\n|-heal|p1a: DRAGONLORD|100\/100 par\n|-singleturn|p1a: DRAGONLORD|move: Roost\n|\n|upkeep\n|turn|16\n|j| Stryfe\n|\n|switch|p1a: EARTH WARDER|Hippowdon, M|100\/100\n|-damage|p1a: EARTH WARDER|88\/100|[from] Spikes\n|-weather|Sandstorm|[from] ability: Sand Stream|[of] p1a: EARTH WARDER\n|move|p2a: Rotom|Nasty Plot|p2a: Rotom\n|-boost|p2a: Rotom|spa|2\n|\n|-weather|Sandstorm|[upkeep]\n|-damage|p2a: Rotom|87\/100|[from] Sandstorm\n|upkeep\n|turn|17\n|\n|switch|p1a: CATACLYSM|Chansey, F|88\/100\n|-damage|p1a: CATACLYSM|76\/100|[from] Spikes\n|move|p2a: Rotom|Overheat|p1a: CATACLYSM\n|-damage|p1a: CATACLYSM|49\/100\n|-unboost|p2a: Rotom|spa|2\n|\n|-weather|Sandstorm|[upkeep]\n|-damage|p2a: Rotom|81\/100|[from] Sandstorm\n|-damage|p1a: CATACLYSM|43\/100|[from] Sandstorm\n|upkeep\n|turn|18\n|\n|move|p2a: Rotom|Nasty Plot|p2a: Rotom\n|-boost|p2a: Rotom|spa|2\n|move|p1a: CATACLYSM|Soft-Boiled|p1a: CATACLYSM\n|-heal|p1a: CATACLYSM|93\/100\n|\n|-weather|Sandstorm|[upkeep]\n|-damage|p2a: Rotom|75\/100|[from] Sandstorm\n|-damage|p1a: CATACLYSM|87\/100|[from] Sandstorm\n|upkeep\n|turn|19\n|\n|move|p2a: Rotom|Nasty Plot|p2a: Rotom\n|-boost|p2a: Rotom|spa|2\n|move|p1a: CATACLYSM|Toxic|p2a: Rotom\n|-status|p2a: Rotom|tox\n|\n|-weather|Sandstorm|[upkeep]\n|-damage|p2a: Rotom|69\/100 tox|[from] Sandstorm\n|-damage|p1a: CATACLYSM|81\/100|[from] Sandstorm\n|-damage|p2a: Rotom|63\/100 tox|[from] psn\n|upkeep\n|turn|20\n|\n|switch|p1a: NELTHARION|Clefable, M, shiny|80\/100 par\n|-damage|p1a: NELTHARION|68\/100 par|[from] Spikes\n|move|p2a: Rotom|Discharge|p1a: NELTHARION\n|-damage|p1a: NELTHARION|42\/100 par\n|\n|-weather|none\n|-damage|p2a: Rotom|51\/100 tox|[from] psn\n|upkeep\n|turn|21\n|\n|switch|p2a: Excadrill|Excadrill, F|100\/100\n|-ability|p2a: Excadrill|Mold Breaker\n|move|p1a: NELTHARION|Moonlight|p1a: NELTHARION\n|-heal|p1a: NELTHARION|92\/100 par\n|\n|upkeep\n|turn|22\n|\n|switch|p2a: Dragapult|Dragapult, F|41\/100\n|switch|p1a: DRAGONLORD|Corviknight, M|100\/100 par\n|-ability|p1a: DRAGONLORD|Pressure\n|\n|upkeep\n|turn|23\n|\n|switch|p1a: CATACLYSM|Chansey, F|81\/100\n|-damage|p1a: CATACLYSM|68\/100|[from] Spikes\n|move|p2a: Dragapult|Hex|p1a: CATACLYSM\n|-immune|p1a: CATACLYSM\n|\n|upkeep\n|turn|24\n|\n|move|p2a: Dragapult|U-turn|p1a: CATACLYSM\n|-damage|p1a: CATACLYSM|53\/100\n|\n|switch|p2a: Clefable|Clefable, M|100\/100|[from]move: U-turn\n|move|p1a: CATACLYSM|Heal Bell|p1a: CATACLYSM\n|-activate|p1a: CATACLYSM|move: Heal Bell\n|-curestatus|p1: DRAGONLORD|par|[msg]\n|-curestatus|p1: NELTHARION|par|[msg]\n|\n|upkeep\n|turn|25\n|\n|move|p2a: Clefable|Knock Off|p1a: CATACLYSM\n|-damage|p1a: CATACLYSM|42\/100\n|-enditem|p1a: CATACLYSM|Eviolite|[from] move: Knock Off|[of] p2a: Clefable\n|move|p1a: CATACLYSM|Soft-Boiled|p1a: CATACLYSM\n|-heal|p1a: CATACLYSM|93\/100\n|\n|upkeep\n|turn|26\n|\n|move|p2a: Clefable|Stealth Rock|p1a: CATACLYSM\n|-sidestart|p1: Rencube \u30c4|move: Stealth Rock\n|move|p1a: CATACLYSM|Seismic Toss|p2a: Clefable\n|-damage|p2a: Clefable|75\/100\n|\n|-heal|p2a: Clefable|81\/100|[from] item: Leftovers\n|upkeep\n|turn|27\n|j| curiosity\n|\n|switch|p2a: Excadrill|Excadrill, F|100\/100\n|-ability|p2a: Excadrill|Mold Breaker\n|switch|p1a: DRAGONLORD|Corviknight, M|100\/100\n|-damage|p1a: DRAGONLORD|88\/100|[from] Stealth Rock\n|-ability|p1a: DRAGONLORD|Pressure\n|\n|upkeep\n|turn|28\n|\n|switch|p2a: Ferrothorn|Ferrothorn, M|94\/100 par\n|move|p1a: DRAGONLORD|Defog|p2a: Ferrothorn\n|-unboost|p2a: Ferrothorn|evasion|1\n|-sideend|p1: Rencube \u30c4|Spikes|[from] move: Defog|[of] p1a: DRAGONLORD\n|-sideend|p1: Rencube \u30c4|Stealth Rock|[from] move: Defog|[of] p1a: DRAGONLORD\n|\n|upkeep\n|turn|29\n|\n|switch|p1a: SHATTERING|Cinderace, M|100\/100\n|move|p2a: Ferrothorn|Leech Seed|p1a: SHATTERING\n|-start|p1a: SHATTERING|move: Leech Seed\n|\n|-damage|p1a: SHATTERING|88\/100|[from] Leech Seed|[of] p2a: Ferrothorn\n|-heal|p2a: Ferrothorn|100\/100 par|[silent]\n|upkeep\n|turn|30\n|\n|switch|p2a: Clefable|Clefable, M|81\/100\n|move|p1a: SHATTERING|Pyro Ball|p2a: Clefable\n|-damage|p2a: Clefable|36\/100\n|\n|-heal|p2a: Clefable|42\/100|[from] item: Leftovers\n|-damage|p1a: SHATTERING|76\/100|[from] Leech Seed|[of] p2a: Clefable\n|-heal|p2a: Clefable|52\/100|[silent]\n|upkeep\n|turn|31\n|inactive|Battle timer is ON: inactive players will automatically lose when time's up. (requested by Rencube \u30c4)\n|\n|switch|p2a: Ferrothorn|Ferrothorn, M|100\/100 par\n|move|p1a: SHATTERING|U-turn|p2a: Ferrothorn\n|-start|p1a: SHATTERING|typechange|Bug|[from] ability: Libero\n|-damage|p2a: Ferrothorn|81\/100 par\n|-damage|p1a: SHATTERING|64\/100|[from] ability: Iron Barbs|[of] p2a: Ferrothorn\n|j| Calem\u221eDPU\n|\n|switch|p1a: MAD ASPECT|Toxapex, F|100\/100|[from]move: U-turn\n|\n|upkeep\n|turn|32\n|\n|switch|p1a: SHATTERING|Cinderace, M|64\/100\n|move|p2a: Ferrothorn|Thunder Wave|p1a: SHATTERING\n|-status|p1a: SHATTERING|par\n|\n|upkeep\n|turn|33\n|\n|switch|p2a: Dragapult|Dragapult, F|41\/100\n|move|p1a: SHATTERING|Pyro Ball|p2a: Dragapult\n|-resisted|p2a: Dragapult\n|-damage|p2a: Dragapult|0 fnt\n|faint|p2a: Dragapult\n|\n|upkeep\n|\n|switch|p2a: Clefable|Clefable, M|52\/100\n|turn|34\n|\n|move|p1a: SHATTERING|Gunk Shot|p2a: Clefable\n|-start|p1a: SHATTERING|typechange|Poison|[from] ability: Libero\n|-supereffective|p2a: Clefable\n|-damage|p2a: Clefable|0 fnt\n|faint|p2a: Clefable\n|\n|upkeep\n|j| gomikyu\u262d\n|-message|user1_ou forfeited.\n|\n|win|Rencube \u30c4\n|l|\u2606user1_ou\n|raw|Rencube \u30c4's rating: 1724 &rarr; <strong>1740<\/strong><br \/>(+16 for winning)\n|raw|user1_ou's rating: 1654 &rarr; <strong>1638<\/strong><br \/>(-16 for losing)\n|j| Raskingball\n|j| Electric win\n|l| gomikyu\u262d\n|l| Raskingball\n|l| Electric win\n|j| pastagirl \u2661\n|l|\u2606Rencube \u30c4\n|l| myjava\n|l| Calem\u221eDPU\n|l| curiosity\n|l| pastagirl \u2661\n|l| angrrry\n|j| pastagirl \u2661\n","uploadtime":1595159493,"views":297,"p1id":"rencube","p2id":"user1ou","formatid":"gen8ou","rating":1638,"private":0,"password":null}