{"id":"gen8ou-1604921362","p1":"j_albacino023","p2":"gunk in ma troat","format":"gen8ou","log":"|j|\u2606j_albacino023\n|j|\u2606gunk in ma troat\n|t:|1656289086\n|gametype|singles\n|player|p1|j_albacino023|101|1759\n|player|p2|gunk in ma troat|102|1775\n|teamsize|p1|6\n|teamsize|p2|6\n|gen|8\n|tier|[Gen 8] OU\n|rated|\n|rule|Sleep Clause Mod: Limit one foe put to sleep\n|rule|Species Clause: Limit one of each Pok\u00e9mon\n|rule|OHKO Clause: OHKO moves are banned\n|rule|Evasion Moves Clause: Evasion moves are banned\n|rule|Endless Battle Clause: Forcing endless battles is banned\n|rule|HP Percentage Mod: HP is shown in percentages\n|rule|Dynamax Clause: You cannot dynamax\n|clearpoke\n|poke|p1|Ferrothorn, F|\n|poke|p1|Rotom-Wash|\n|poke|p1|Tyranitar, F|\n|poke|p1|Excadrill, F|\n|poke|p1|Clefable, M|\n|poke|p1|Dragapult, F|\n|poke|p2|Pelipper, F|\n|poke|p2|Barraskewda, F|\n|poke|p2|Ferrothorn, F|\n|poke|p2|Seismitoad, M|\n|poke|p2|Tornadus-Therian, M|\n|poke|p2|Tapu Lele|\n|teampreview\n|\n|t:|1656289091\n|start\n|switch|p1a: Rotom|Rotom-Wash|100\/100\n|switch|p2a: Tapu Lele|Tapu Lele|100\/100\n|-fieldstart|move: Psychic Terrain|[from] ability: Psychic Surge|[of] p2a: Tapu Lele\n|turn|1\n|j|+Dragonillis\n|\n|t:|1656289095\n|switch|p1a: Ferrothorn|Ferrothorn, F|100\/100\n|move|p2a: Tapu Lele|Focus Blast|p1a: Ferrothorn\n|-supereffective|p1a: Ferrothorn\n|-damage|p1a: Ferrothorn|0 fnt\n|faint|p1a: Ferrothorn\n|\n|upkeep\n|\n|t:|1656289100\n|switch|p1a: Dragapult|Dragapult, F|100\/100\n|turn|2\n|\n|t:|1656289102\n|switch|p2a: Tornadus|Tornadus-Therian, M|100\/100\n|move|p1a: Dragapult|Shadow Ball|p2a: Tornadus\n|-damage|p2a: Tornadus|68\/100\n|\n|upkeep\n|turn|3\n|j| ash_won_kalos\n|\n|t:|1656289105\n|move|p1a: Dragapult|Shadow Ball|p2a: Tornadus\n|-damage|p2a: Tornadus|29\/100\n|-unboost|p2a: Tornadus|spd|1\n|move|p2a: Tornadus|Knock Off|p1a: Dragapult\n|-supereffective|p1a: Dragapult\n|-damage|p1a: Dragapult|48\/100\n|-enditem|p1a: Dragapult|Choice Specs|[from] move: Knock Off|[of] p2a: Tornadus\n|\n|upkeep\n|turn|4\n|\n|t:|1656289112\n|switch|p2a: Ferrothorn|Ferrothorn, F|100\/100\n|move|p1a: Dragapult|Shadow Ball|p2a: Ferrothorn\n|-damage|p2a: Ferrothorn|69\/100\n|\n|upkeep\n|turn|5\n|\n|t:|1656289116\n|move|p1a: Dragapult|Shadow Ball|p2a: Ferrothorn\n|-damage|p2a: Ferrothorn|36\/100\n|move|p2a: Ferrothorn|Knock Off|p1a: Dragapult\n|-supereffective|p1a: Dragapult\n|-damage|p1a: Dragapult|11\/100\n|\n|-fieldend|move: Psychic Terrain\n|upkeep\n|turn|6\n|\n|t:|1656289119\n|move|p1a: Dragapult|Flamethrower|p2a: Ferrothorn\n|-supereffective|p2a: Ferrothorn\n|-damage|p2a: Ferrothorn|0 fnt\n|faint|p2a: Ferrothorn\n|\n|upkeep\n|\n|t:|1656289123\n|switch|p2a: Tornadus|Tornadus-Therian, M|63\/100\n|turn|7\n|\n|t:|1656289126\n|move|p1a: Dragapult|U-turn|p2a: Tornadus\n|-resisted|p2a: Tornadus\n|-damage|p2a: Tornadus|53\/100\n|\n|t:|1656289128\n|switch|p1a: Rotom|Rotom-Wash|100\/100|[from]move: U-turn\n|move|p2a: Tornadus|Knock Off|p1a: Rotom\n|-damage|p1a: Rotom|79\/100\n|-enditem|p1a: Rotom|Leftovers|[from] move: Knock Off|[of] p2a: Tornadus\n|\n|upkeep\n|turn|8\n|\n|t:|1656289135\n|switch|p2a: Seismitoad|Seismitoad, M|100\/100\n|move|p1a: Rotom|Toxic|p2a: Seismitoad\n|-status|p2a: Seismitoad|tox\n|\n|-damage|p2a: Seismitoad|95\/100 tox|[from] psn\n|upkeep\n|turn|9\n|\n|t:|1656289138\n|switch|p1a: Clefable|Clefable, M|100\/100\n|move|p2a: Seismitoad|Stealth Rock|p1a: Clefable\n|-sidestart|p1: j_albacino023|move: Stealth Rock\n|\n|-damage|p2a: Seismitoad|83\/100 tox|[from] psn\n|upkeep\n|turn|10\n|j| LT_Alt1\n|\n|t:|1656289145\n|switch|p2a: Tapu Lele|Tapu Lele|100\/100\n|-fieldstart|move: Psychic Terrain|[from] ability: Psychic Surge|[of] p2a: Tapu Lele\n|move|p1a: Clefable|Stealth Rock|p2a: Tapu Lele\n|-sidestart|p2: gunk in ma troat|move: Stealth Rock\n|\n|upkeep\n|turn|11\n|\n|t:|1656289149\n|switch|p1a: Dragapult|Dragapult, F|11\/100\n|-damage|p1a: Dragapult|0 fnt|[from] Stealth Rock\n|faint|p1a: Dragapult\n|move|p2a: Tapu Lele|Focus Blast|p1: Dragapult|[notarget]\n|-fail|p2a: Tapu Lele\n|\n|upkeep\n|\n|t:|1656289151\n|switch|p1a: Clefable|Clefable, M|100\/100\n|turn|12\n|\n|t:|1656289155\n|switch|p2a: Pelipper|Pelipper, F|100\/100\n|-damage|p2a: Pelipper|76\/100|[from] Stealth Rock\n|-weather|RainDance|[from] ability: Drizzle|[of] p2a: Pelipper\n|move|p1a: Clefable|Moonblast|p2a: Pelipper\n|-damage|p2a: Pelipper|29\/100\n|-unboost|p2a: Pelipper|spa|1\n|\n|-weather|RainDance|[upkeep]\n|upkeep\n|turn|13\n|\n|t:|1656289168\n|switch|p2a: Tornadus|Tornadus-Therian, M|87\/100\n|-damage|p2a: Tornadus|62\/100|[from] Stealth Rock\n|move|p1a: Clefable|Moonblast|p2a: Tornadus\n|-damage|p2a: Tornadus|41\/100\n|\n|-weather|RainDance|[upkeep]\n|upkeep\n|turn|14\n|j| gdrgdchfghfghg\n|\n|t:|1656289176\n|move|p2a: Tornadus|Knock Off|p1a: Clefable\n|-resisted|p1a: Clefable\n|-damage|p1a: Clefable|93\/100\n|-damage|p2a: Tornadus|24\/100|[from] item: Rocky Helmet|[of] p1a: Clefable\n|-enditem|p1a: Clefable|Rocky Helmet|[from] move: Knock Off|[of] p2a: Tornadus\n|move|p1a: Clefable|Moonblast|p2a: Tornadus\n|-damage|p2a: Tornadus|5\/100\n|-unboost|p2a: Tornadus|spa|1\n|\n|-weather|RainDance|[upkeep]\n|-fieldend|move: Psychic Terrain\n|upkeep\n|turn|15\n|\n|t:|1656289182\n|move|p2a: Tornadus|Hurricane|p1a: Clefable\n|-damage|p1a: Clefable|69\/100\n|move|p1a: Clefable|Moonblast|p2a: Tornadus\n|-damage|p2a: Tornadus|0 fnt\n|faint|p2a: Tornadus\n|\n|-weather|RainDance|[upkeep]\n|upkeep\n|j| skylink42\u2764\n|\n|t:|1656289184\n|switch|p2a: Barraskewda|Barraskewda, F|100\/100\n|-damage|p2a: Barraskewda|88\/100|[from] Stealth Rock\n|turn|16\n|\n|t:|1656289190\n|move|p2a: Barraskewda|Liquidation|p1a: Clefable\n|-damage|p1a: Clefable|0 fnt\n|faint|p1a: Clefable\n|\n|-weather|RainDance|[upkeep]\n|upkeep\n|j| Toon Cards\n|\n|t:|1656289192\n|switch|p1a: Rotom|Rotom-Wash|79\/100\n|-damage|p1a: Rotom|66\/100|[from] Stealth Rock\n|turn|17\n|\n|t:|1656289196\n|switch|p2a: Seismitoad|Seismitoad, M|83\/100 tox\n|-damage|p2a: Seismitoad|77\/100 tox|[from] Stealth Rock\n|move|p1a: Rotom|Hydro Pump|p2a: Seismitoad\n|-damage|p2a: Seismitoad|2\/100 tox\n|\n|-weather|RainDance|[upkeep]\n|-damage|p2a: Seismitoad|0 fnt|[from] psn\n|faint|p2a: Seismitoad\n|upkeep\n|\n|t:|1656289199\n|switch|p2a: Tapu Lele|Tapu Lele|100\/100\n|-damage|p2a: Tapu Lele|88\/100|[from] Stealth Rock\n|-fieldstart|move: Psychic Terrain|[from] ability: Psychic Surge|[of] p2a: Tapu Lele\n|turn|18\n|\n|t:|1656289212\n|move|p1a: Rotom|Volt Switch|p2a: Tapu Lele\n|-damage|p2a: Tapu Lele|62\/100\n|\n|t:|1656289220\n|switch|p1a: Excadrill|Excadrill, F|100\/100|[from]move: Volt Switch\n|-damage|p1a: Excadrill|97\/100|[from] Stealth Rock\n|move|p2a: Tapu Lele|Moonblast|p1a: Excadrill\n|-resisted|p1a: Excadrill\n|-damage|p1a: Excadrill|42\/100\n|\n|-weather|RainDance|[upkeep]\n|-heal|p1a: Excadrill|48\/100|[from] item: Leftovers\n|upkeep\n|turn|19\n|\n|t:|1656289231\n|move|p1a: Excadrill|Iron Head|p2a: Tapu Lele\n|-supereffective|p2a: Tapu Lele\n|-damage|p2a: Tapu Lele|0 fnt\n|faint|p2a: Tapu Lele\n|\n|-weather|none\n|-heal|p1a: Excadrill|54\/100|[from] item: Leftovers\n|upkeep\n|\n|t:|1656289242\n|switch|p2a: Barraskewda|Barraskewda, F|88\/100\n|-damage|p2a: Barraskewda|76\/100|[from] Stealth Rock\n|turn|20\n|\n|t:|1656289258\n|switch|p1a: Tyranitar|Tyranitar, F|100\/100\n|-damage|p1a: Tyranitar|88\/100|[from] Stealth Rock\n|-weather|Sandstorm|[from] ability: Sand Stream|[of] p1a: Tyranitar\n|move|p2a: Barraskewda|Liquidation|p1a: Tyranitar\n|-supereffective|p1a: Tyranitar\n|-damage|p1a: Tyranitar|0 fnt\n|faint|p1a: Tyranitar\n|\n|-weather|Sandstorm|[upkeep]\n|-damage|p2a: Barraskewda|70\/100|[from] Sandstorm\n|upkeep\n|\n|t:|1656289263\n|switch|p1a: Excadrill|Excadrill, F|54\/100\n|-damage|p1a: Excadrill|51\/100|[from] Stealth Rock\n|turn|21\n|\n|t:|1656289267\n|switch|p2a: Pelipper|Pelipper, F|29\/100\n|-damage|p2a: Pelipper|5\/100|[from] Stealth Rock\n|-weather|RainDance|[from] ability: Drizzle|[of] p2a: Pelipper\n|move|p1a: Excadrill|Rapid Spin|p2a: Pelipper\n|-damage|p2a: Pelipper|0 fnt\n|-boost|p1a: Excadrill|spe|1\n|-sideend|p1: j_albacino023|Stealth Rock|[from] move: Rapid Spin|[of] p1a: Excadrill\n|faint|p2a: Pelipper\n|\n|-weather|RainDance|[upkeep]\n|-heal|p1a: Excadrill|57\/100|[from] item: Leftovers\n|upkeep\n|\n|t:|1656289270\n|switch|p2a: Barraskewda|Barraskewda, F|70\/100\n|-damage|p2a: Barraskewda|58\/100|[from] Stealth Rock\n|turn|22\n|\n|t:|1656289277\n|move|p2a: Barraskewda|Close Combat|p1a: Excadrill\n|-supereffective|p1a: Excadrill\n|-crit|p1a: Excadrill\n|-damage|p1a: Excadrill|0 fnt\n|-unboost|p2a: Barraskewda|def|1\n|-unboost|p2a: Barraskewda|spd|1\n|faint|p1a: Excadrill\n|\n|-weather|RainDance|[upkeep]\n|-fieldend|move: Psychic Terrain\n|upkeep\n|\n|t:|1656289278\n|switch|p1a: Rotom|Rotom-Wash|66\/100\n|turn|23\n|\n|t:|1656289280\n|move|p2a: Barraskewda|Close Combat|p1a: Rotom\n|-damage|p1a: Rotom|0 fnt\n|-unboost|p2a: Barraskewda|def|1\n|-unboost|p2a: Barraskewda|spd|1\n|faint|p1a: Rotom\n|\n|win|gunk in ma troat\n|raw|j_albacino023's rating: 1759 &rarr; <strong>1740<\/strong><br \/>(-19 for losing)\n|raw|gunk in ma troat's rating: 1775 &rarr; <strong>1794<\/strong><br \/>(+19 for winning)\n|l|\u2606j_albacino023\n|l| skylink42\u2764\n|l|\u2606gunk in ma troat\n|l| ash_won_kalos\n||Ladder isn't responding, score probably updated but might not have (Request timeout).\n|l| Toon Cards\n|l| gdrgdchfghfghg\n","uploadtime":1656289998,"views":100,"p1id":"jalbacino023","p2id":"gunkinmatroat","formatid":"gen8ou","rating":1740,"private":0,"password":null}