{"id":"gen8ou-1426206051","p1":"early_human","p2":"PokePowerfull","format":"gen8ou","log":"|j|\u2606early_human\n|j|\u2606PokePowerfull\n|t:|1632940599\n|gametype|singles\n|player|p1|early_human|dancer|1796\n|player|p2|PokePowerfull|169|1806\n|teamsize|p1|6\n|teamsize|p2|6\n|gen|8\n|tier|[Gen 8] OU\n|rated|\n|rule|Sleep Clause Mod: Limit one foe put to sleep\n|rule|Species Clause: Limit one of each Pok\u00e9mon\n|rule|OHKO Clause: OHKO moves are banned\n|rule|Evasion Moves Clause: Evasion moves are banned\n|rule|Endless Battle Clause: Forcing endless battles is banned\n|rule|HP Percentage Mod: HP is shown in percentages\n|rule|Dynamax Clause: You cannot dynamax\n|clearpoke\n|poke|p1|Moltres-Galar|\n|poke|p1|Aegislash, F|\n|poke|p1|Buzzwole|\n|poke|p1|Latios, M|\n|poke|p1|Landorus-Therian, M|\n|poke|p1|Bisharp, F|\n|poke|p2|Landorus-Therian, M|\n|poke|p2|Blissey, F|\n|poke|p2|Dragapult, F|\n|poke|p2|Zapdos-Galar|\n|poke|p2|Slowbro, M|\n|poke|p2|Urshifu-*, M|\n|teampreview\n|\n|t:|1632940609\n|start\n|switch|p1a: Aegislash|Aegislash, F|100\/100\n|switch|p2a: Landorus|Landorus-Therian, M|100\/100\n|-ability|p2a: Landorus|Intimidate|boost\n|-unboost|p1a: Aegislash|atk|1\n|turn|1\n|j| BabyPigsAreLaughin\n|\n|t:|1632940612\n|move|p2a: Landorus|Earthquake|p1a: Aegislash\n|-supereffective|p1a: Aegislash\n|-damage|p1a: Aegislash|22\/100\n|-enditem|p1a: Aegislash|Weakness Policy\n|-boost|p1a: Aegislash|atk|2|[from] item: Weakness Policy\n|-boost|p1a: Aegislash|spa|2|[from] item: Weakness Policy\n|-formechange|p1a: Aegislash|Aegislash-Blade||[from] ability: Stance Change\n|move|p1a: Aegislash|Shadow Ball|p2a: Landorus\n|-damage|p2a: Landorus|5\/100\n|\n|upkeep\n|turn|2\n|\n|t:|1632940621\n|move|p1a: Aegislash|Shadow Sneak|p2a: Landorus\n|-damage|p2a: Landorus|0 fnt\n|-damage|p1a: Aegislash|5\/100|[from] item: Rocky Helmet|[of] p2a: Landorus\n|faint|p2a: Landorus\n|\n|upkeep\n|j| Reign1997\n|\n|t:|1632940625\n|switch|p2a: Urshifu|Urshifu-Rapid-Strike, M|100\/100\n|turn|3\n|j| newbees\n|\n|t:|1632940628\n|move|p2a: Urshifu|Aqua Jet|p1a: Aegislash\n|-damage|p1a: Aegislash|0 fnt\n|faint|p1a: Aegislash\n|\n|upkeep\n|\n|t:|1632940631\n|switch|p1a: Latios|Latios, M|100\/100\n|turn|4\n|\n|t:|1632940644\n|switch|p2a: Blissey|Blissey, F|100\/100\n|move|p1a: Latios|Future Sight|p2a: Blissey\n|-start|p1a: Latios|move: Future Sight\n|\n|upkeep\n|turn|5\n|\n|t:|1632940656\n|switch|p1a: Bisharp|Bisharp, F|100\/100\n|move|p2a: Blissey|Teleport|p2a: Blissey\n|\n|t:|1632940664\n|switch|p2a: Urshifu|Urshifu-Rapid-Strike, M|100\/100|[from]move: Teleport\n|\n|upkeep\n|turn|6\n|\n|t:|1632940667\n|move|p2a: Urshifu|U-turn|p1a: Bisharp\n|-damage|p1a: Bisharp|69\/100\n|\n|t:|1632940672\n|switch|p2a: Slowbro|Slowbro, M|100\/100|[from]move: U-turn\n|move|p1a: Bisharp|Knock Off|p2a: Slowbro\n|-supereffective|p2a: Slowbro\n|-damage|p2a: Slowbro|37\/100\n|-enditem|p2a: Slowbro|Heavy-Duty Boots|[from] move: Knock Off|[of] p1a: Bisharp\n|\n|-end|p2a: Slowbro|move: Future Sight\n|-resisted|p2a: Slowbro\n|-damage|p2a: Slowbro|7\/100\n|upkeep\n|turn|7\n|\n|t:|1632940680\n|switch|p1a: Latios|Latios, M|100\/100\n|switch|p2a: Urshifu|Urshifu-Rapid-Strike, M|100\/100\n|\n|upkeep\n|turn|8\n|j| OnGroveStreet\n|\n|t:|1632940686\n|switch|p2a: Slowbro|Slowbro, M|40\/100\n|move|p1a: Latios|Psychic|p2a: Slowbro\n|-resisted|p2a: Slowbro\n|-damage|p2a: Slowbro|12\/100\n|\n|upkeep\n|turn|9\n|\n|t:|1632940691\n|switch|p2a: Blissey|Blissey, F|100\/100\n|move|p1a: Latios|Future Sight|p2a: Blissey\n|-start|p1a: Latios|move: Future Sight\n|\n|upkeep\n|turn|10\n|\n|t:|1632940703\n|move|p1a: Latios|Psychic|p2a: Blissey\n|-damage|p2a: Blissey|81\/100\n|move|p2a: Blissey|Teleport|p2a: Blissey\n|\n|t:|1632940706\n|switch|p2a: Slowbro|Slowbro, M|45\/100|[from]move: Teleport\n|\n|upkeep\n|turn|11\n|\n|t:|1632940713\n|move|p1a: Latios|Draco Meteor|p2a: Slowbro\n|-damage|p2a: Slowbro|0 fnt\n|-unboost|p1a: Latios|spa|2\n|faint|p2a: Slowbro\n|\n|-hint|Future Sight did not hit because the target is fainted.\n|upkeep\n|\n|t:|1632940717\n|switch|p2a: Dragapult|Dragapult, F|100\/100\n|turn|12\n|\n|t:|1632940723\n|switch|p1a: Bisharp|Bisharp, F|69\/100\n|move|p2a: Dragapult|Dragon Darts|p1a: Bisharp\n|-resisted|p1a: Bisharp\n|-damage|p1a: Bisharp|51\/100\n|-anim|p2a: Dragapult|Dragon Darts|p1a: Bisharp\n|-resisted|p1a: Bisharp\n|-damage|p1a: Bisharp|34\/100\n|-damage|p2a: Dragapult|91\/100|[from] item: Life Orb\n|\n|upkeep\n|turn|13\n|l| OnGroveStreet\n|\n|t:|1632940733\n|move|p2a: Dragapult|Flamethrower|p1a: Bisharp\n|-supereffective|p1a: Bisharp\n|-damage|p1a: Bisharp|0 fnt\n|faint|p1a: Bisharp\n|-damage|p2a: Dragapult|81\/100|[from] item: Life Orb\n|\n|upkeep\n|\n|t:|1632940735\n|switch|p1a: Moltres|Moltres-Galar|100\/100\n|turn|14\n|\n|t:|1632940740\n|switch|p2a: Blissey|Blissey, F|81\/100\n|switch|p1a: Buzzwole|Buzzwole|100\/100\n|\n|upkeep\n|turn|15\n|j| OnGroveStreet\n|\n|t:|1632940748\n|switch|p2a: Urshifu|Urshifu-Rapid-Strike, M|100\/100\n|move|p1a: Buzzwole|Close Combat|p2a: Urshifu\n|-damage|p2a: Urshifu|3\/100\n|-unboost|p1a: Buzzwole|def|1\n|-unboost|p1a: Buzzwole|spd|1\n|\n|upkeep\n|turn|16\n|\n|t:|1632940755\n|move|p2a: Urshifu|Surging Strikes|p1a: Buzzwole\n|-crit|p1a: Buzzwole\n|-damage|p1a: Buzzwole|78\/100\n|-crit|p1a: Buzzwole\n|-damage|p1a: Buzzwole|57\/100\n|-crit|p1a: Buzzwole\n|-damage|p1a: Buzzwole|36\/100\n|-hitcount|p1a: Buzzwole|3\n|move|p1a: Buzzwole|Close Combat|p2a: Urshifu\n|-damage|p2a: Urshifu|0 fnt\n|-unboost|p1a: Buzzwole|def|1\n|-unboost|p1a: Buzzwole|spd|1\n|faint|p2a: Urshifu\n|-ability|p1a: Buzzwole|Beast Boost|boost\n|-boost|p1a: Buzzwole|atk|1\n|\n|upkeep\n|\n|t:|1632940771\n|switch|p2a: Zapdos|Zapdos-Galar|100\/100\n|turn|17\n|j| OU make me yawn \u00bd\n|\n|t:|1632940791\n|move|p1a: Buzzwole|Close Combat|p2a: Zapdos\n|-resisted|p2a: Zapdos\n|-damage|p2a: Zapdos|21\/100\n|-unboost|p1a: Buzzwole|def|1\n|-unboost|p1a: Buzzwole|spd|1\n|move|p2a: Zapdos|Substitute|p2a: Zapdos\n|-fail|p2a: Zapdos|move: Substitute|[weak]\n|\n|-heal|p2a: Zapdos|27\/100|[from] item: Leftovers\n|upkeep\n|turn|18\n|c|\u2606early_human|wat\n|\n|t:|1632940799\n|switch|p2a: Dragapult|Dragapult, F|81\/100\n|move|p1a: Buzzwole|Close Combat|p2a: Dragapult\n|-immune|p2a: Dragapult\n|\n|upkeep\n|turn|19\n|\n|t:|1632940805\n|switch|p1a: Landorus|Landorus-Therian, M|100\/100\n|-ability|p1a: Landorus|Intimidate|boost\n|-unboost|p2a: Dragapult|atk|1\n|move|p2a: Dragapult|Dragon Darts|p1a: Landorus\n|-damage|p1a: Landorus|79\/100\n|-anim|p2a: Dragapult|Dragon Darts|p1a: Landorus\n|-damage|p1a: Landorus|58\/100\n|-damage|p2a: Dragapult|71\/100|[from] item: Life Orb\n|\n|upkeep\n|turn|20\n|\n|t:|1632940821\n|switch|p2a: Zapdos|Zapdos-Galar|27\/100\n|move|p1a: Landorus|Rock Tomb|p2a: Zapdos\n|-damage|p2a: Zapdos|4\/100\n|-unboost|p2a: Zapdos|spe|1\n|-ability|p2a: Zapdos|Defiant\n|-boost|p2a: Zapdos|atk|2\n|\n|-heal|p2a: Zapdos|10\/100|[from] item: Leftovers\n|upkeep\n|turn|21\n|\n|t:|1632940828\n|move|p1a: Landorus|Rock Tomb|p2a: Zapdos|[miss]\n|-miss|p1a: Landorus|p2a: Zapdos\n|move|p2a: Zapdos|Brave Bird|p1a: Landorus\n|-damage|p1a: Landorus|0 fnt\n|faint|p1a: Landorus\n|-damage|p2a: Zapdos|0 fnt|[from] Recoil\n|faint|p2a: Zapdos\n|\n|upkeep\n|\n|t:|1632940836\n|switch|p1a: Moltres|Moltres-Galar|100\/100\n|switch|p2a: Dragapult|Dragapult, F|71\/100\n|turn|22\n|\n|t:|1632940838\n|switch|p2a: Blissey|Blissey, F|81\/100\n|move|p1a: Moltres|Fiery Wrath|p2a: Blissey\n|-damage|p2a: Blissey|65\/100\n|\n|upkeep\n|turn|23\n|\n|t:|1632940843\n|move|p1a: Moltres|Nasty Plot|p1a: Moltres\n|-boost|p1a: Moltres|spa|2\n|move|p2a: Blissey|Seismic Toss|p1a: Moltres\n|-damage|p1a: Moltres|70\/100\n|\n|upkeep\n|turn|24\n|\n|t:|1632940851\n|move|p1a: Moltres|Agility|p1a: Moltres\n|-boost|p1a: Moltres|spe|2\n|move|p2a: Blissey|Toxic|p1a: Moltres\n|-status|p1a: Moltres|tox\n|\n|-damage|p1a: Moltres|64\/100 tox|[from] psn\n|upkeep\n|turn|25\n|\n|t:|1632940854\n|move|p1a: Moltres|Nasty Plot|p1a: Moltres\n|-boost|p1a: Moltres|spa|2\n|move|p2a: Blissey|Soft-Boiled|p2a: Blissey\n|-heal|p2a: Blissey|100\/100\n|\n|-damage|p1a: Moltres|52\/100 tox|[from] psn\n|upkeep\n|turn|26\n|\n|t:|1632940857\n|move|p1a: Moltres|Nasty Plot|p1a: Moltres\n|-boost|p1a: Moltres|spa|2\n|move|p2a: Blissey|Soft-Boiled||[still]\n|-fail|p2a: Blissey|heal\n|\n|-damage|p1a: Moltres|34\/100 tox|[from] psn\n|upkeep\n|turn|27\n|\n|t:|1632940860\n|move|p1a: Moltres|Fiery Wrath|p2a: Blissey\n|-damage|p2a: Blissey|36\/100\n|move|p2a: Blissey|Soft-Boiled|p2a: Blissey\n|-heal|p2a: Blissey|86\/100\n|\n|-damage|p1a: Moltres|10\/100 tox|[from] psn\n|upkeep\n|turn|28\n|l| Reign1997\n|-message|early_human forfeited.\n|\n|win|PokePowerfull\n|raw|early_human's rating: 1796 &rarr; <strong>1777<\/strong><br \/>(-19 for losing)\n|raw|PokePowerfull's rating: 1806 &rarr; <strong>1825<\/strong><br \/>(+19 for winning)\n|l|\u2606early_human\n|l|\u2606PokePowerfull\n","uploadtime":1632940874,"views":59,"p1id":"earlyhuman","p2id":"pokepowerfull","formatid":"gen8ou","rating":1777,"private":0,"password":null}