{"id":"gen8ou-1077689075","p1":"piyush21","p2":"PokeDa","format":"gen8ou","log":"|j|\u2606piyush21\n|j|\u2606PokeDa\n|player|p1|piyush21|red|1854\n|player|p2|PokeDa|wallace|1670\n|teamsize|p1|6\n|teamsize|p2|6\n|gametype|singles\n|gen|8\n|tier|[Gen 8] OU\n|rated|\n|clearpoke\n|poke|p1|Shuckle, F|\n|poke|p1|Cloyster, M|\n|poke|p1|Bisharp, M|\n|poke|p1|Mimikyu, F|\n|poke|p1|Lucario, M|\n|poke|p1|Zeraora|\n|poke|p2|Pelipper, M|\n|poke|p2|Dracovish|\n|poke|p2|Mantine, M|\n|poke|p2|Seismitoad, M|\n|poke|p2|Ferrothorn, F|\n|poke|p2|Jirachi|\n|rule|Sleep Clause Mod: Limit one foe put to sleep\n|rule|Species Clause: Limit one of each Pok\u00e9mon\n|rule|OHKO Clause: OHKO moves are banned\n|rule|Evasion Moves Clause: Evasion moves are banned\n|rule|Endless Battle Clause: Forcing endless battles is banned\n|rule|HP Percentage Mod: HP is shown in percentages\n|rule|Dynamax Clause: You cannot dynamax\n|teampreview\n|inactive|Battle timer is ON: inactive players will automatically lose when time's up. (requested by PokeDa)\n|inactive|piyush21 has 120 seconds left.\n|\n|start\n|switch|p1a: Pure skill|Cloyster, M|100\/100\n|switch|p2a: Ferrothorn|Ferrothorn, F, shiny|100\/100\n|turn|1\n|\n|move|p1a: Pure skill|Shell Smash|p1a: Pure skill\n|-unboost|p1a: Pure skill|def|1\n|-unboost|p1a: Pure skill|spd|1\n|-boost|p1a: Pure skill|atk|2\n|-boost|p1a: Pure skill|spa|2\n|-boost|p1a: Pure skill|spe|2\n|move|p2a: Ferrothorn|Body Press|p1a: Pure skill\n|-supereffective|p1a: Pure skill\n|-crit|p1a: Pure skill\n|-damage|p1a: Pure skill|0 fnt\n|faint|p1a: Pure skill\n|\n|upkeep\n|\n|switch|p1a: Plz don't flinch|Shuckle, F|100\/100\n|turn|2\n|\n|switch|p2a: Pelipper|Pelipper, M|100\/100\n|-weather|RainDance|[from] ability: Drizzle|[of] p2a: Pelipper\n|move|p1a: Plz don't flinch|Stealth Rock|p2a: Pelipper\n|-sidestart|p2: PokeDa|move: Stealth Rock\n|\n|-weather|RainDance|[upkeep]\n|upkeep\n|turn|3\n|\n|move|p2a: Pelipper|Defog|p1a: Plz don't flinch\n|-unboost|p1a: Plz don't flinch|evasion|1\n|-sideend|p2: PokeDa|Stealth Rock|[from] move: Defog|[of] p2a: Pelipper\n|move|p1a: Plz don't flinch|Sticky Web|p2a: Pelipper\n|-sidestart|p2: PokeDa|move: Sticky Web\n|\n|-weather|RainDance|[upkeep]\n|upkeep\n|turn|4\n|\n|move|p2a: Pelipper|Scald|p1a: Plz don't flinch\n|-supereffective|p1a: Plz don't flinch\n|-damage|p1a: Plz don't flinch|50\/100\n|move|p1a: Plz don't flinch|Sticky Web||[still]\n|-fail|p1a: Plz don't flinch\n|\n|-weather|RainDance|[upkeep]\n|upkeep\n|turn|5\n|\n|move|p2a: Pelipper|Scald|p1a: Plz don't flinch\n|-supereffective|p1a: Plz don't flinch\n|-damage|p1a: Plz don't flinch|0 fnt\n|faint|p1a: Plz don't flinch\n|\n|-weather|RainDance|[upkeep]\n|upkeep\n|\n|switch|p1a: Zeraora|Zeraora|100\/100\n|turn|6\n|\n|switch|p2a: Ferrothorn|Ferrothorn, F, shiny|100\/100\n|-activate|p2a: Ferrothorn|move: Sticky Web\n|-unboost|p2a: Ferrothorn|spe|1\n|move|p1a: Zeraora|Bulk Up|p1a: Zeraora\n|-boost|p1a: Zeraora|atk|1\n|-boost|p1a: Zeraora|def|1\n|\n|-weather|RainDance|[upkeep]\n|upkeep\n|turn|7\n|\n|move|p1a: Zeraora|Bulk Up|p1a: Zeraora\n|-boost|p1a: Zeraora|atk|1\n|-boost|p1a: Zeraora|def|1\n|move|p2a: Ferrothorn|Body Press|p1a: Zeraora\n|-damage|p1a: Zeraora|79\/100\n|\n|-weather|RainDance|[upkeep]\n|upkeep\n|turn|8\n|\n|move|p1a: Zeraora|Drain Punch|p2a: Ferrothorn\n|-supereffective|p2a: Ferrothorn\n|-damage|p2a: Ferrothorn|24\/100\n|-heal|p1a: Zeraora|100\/100|[from] drain|[of] p2a: Ferrothorn\n|-damage|p1a: Zeraora|88\/100|[from] ability: Iron Barbs|[of] p2a: Ferrothorn\n|-damage|p1a: Zeraora|72\/100|[from] item: Rocky Helmet|[of] p2a: Ferrothorn\n|-damage|p1a: Zeraora|62\/100|[from] item: Life Orb\n|move|p2a: Ferrothorn|Body Press|p1a: Zeraora\n|-damage|p1a: Zeraora|41\/100\n|\n|-weather|RainDance|[upkeep]\n|upkeep\n|turn|9\n|\n|move|p1a: Zeraora|Drain Punch|p2a: Ferrothorn\n|-supereffective|p2a: Ferrothorn\n|-damage|p2a: Ferrothorn|0 fnt\n|-heal|p1a: Zeraora|54\/100|[from] drain|[of] p2a: Ferrothorn\n|-damage|p1a: Zeraora|42\/100|[from] ability: Iron Barbs|[of] p2a: Ferrothorn\n|-damage|p1a: Zeraora|25\/100|[from] item: Rocky Helmet|[of] p2a: Ferrothorn\n|-damage|p1a: Zeraora|15\/100|[from] item: Life Orb\n|faint|p2a: Ferrothorn\n|\n|-weather|none\n|upkeep\n|\n|switch|p2a: Pelipper|Pelipper, M|100\/100\n|-weather|RainDance|[from] ability: Drizzle|[of] p2a: Pelipper\n|turn|10\n|\n|switch|p2a: Jirachi|Jirachi, shiny|100\/100\n|-activate|p2a: Jirachi|move: Sticky Web\n|-unboost|p2a: Jirachi|spe|1\n|move|p1a: Zeraora|Drain Punch|p2a: Jirachi\n|-damage|p2a: Jirachi|37\/100\n|-heal|p1a: Zeraora|50\/100|[from] drain|[of] p2a: Jirachi\n|-damage|p1a: Zeraora|40\/100|[from] item: Life Orb\n|\n|-weather|RainDance|[upkeep]\n|upkeep\n|turn|11\n|\n|move|p1a: Zeraora|Plasma Fists|p2a: Jirachi\n|-damage|p2a: Jirachi|0 fnt\n|-fieldactivate|move: Ion Deluge\n|-damage|p1a: Zeraora|30\/100|[from] item: Life Orb\n|faint|p2a: Jirachi\n|\n|-weather|RainDance|[upkeep]\n|upkeep\n|\n|switch|p2a: Mantine|Mantine, M|100\/100\n|turn|12\n|\n|move|p2a: Mantine|Surf|p1a: Zeraora\n|-damage|p1a: Zeraora|0 fnt\n|faint|p1a: Zeraora\n|\n|-weather|RainDance|[upkeep]\n|upkeep\n|\n|switch|p1a: Bisharp|Bisharp, M|100\/100\n|turn|13\n|\n|move|p1a: Bisharp|Sucker Punch|p2a: Mantine\n|-damage|p2a: Mantine|24\/100\n|-damage|p1a: Bisharp|91\/100|[from] item: Life Orb\n|move|p2a: Mantine|Surf|p1a: Bisharp\n|-damage|p1a: Bisharp|0 fnt\n|faint|p1a: Bisharp\n|\n|-weather|RainDance|[upkeep]\n|upkeep\n|\n|switch|p1a: Mimikyu|Mimikyu, F|100\/100\n|turn|14\n|\n|move|p2a: Mantine|Surf|p1a: Mimikyu\n|-activate|p1a: Mimikyu|ability: Disguise\n|-damage|p1a: Mimikyu|100\/100\n|detailschange|p1a: Mimikyu|Mimikyu-Busted, F\n|-damage|p1a: Mimikyu|88\/100|[from] pokemon: mimikyubusted\n|move|p1a: Mimikyu|Swords Dance|p1a: Mimikyu\n|-boost|p1a: Mimikyu|atk|2\n|\n|-weather|RainDance|[upkeep]\n|upkeep\n|turn|15\n|\n|move|p1a: Mimikyu|Shadow Sneak|p2a: Mantine\n|-damage|p2a: Mantine|0 fnt\n|-damage|p1a: Mimikyu|78\/100|[from] item: Life Orb\n|faint|p2a: Mantine\n|\n|-weather|RainDance|[upkeep]\n|upkeep\n|\n|switch|p2a: Seismitoad|Seismitoad, M|100\/100\n|-activate|p2a: Seismitoad|move: Sticky Web\n|-unboost|p2a: Seismitoad|spe|1\n|turn|16\n|\n|move|p2a: Seismitoad|Liquidation|p1a: Mimikyu\n|-damage|p1a: Mimikyu|0 fnt\n|-damage|p2a: Seismitoad|91\/100|[from] item: Life Orb\n|faint|p1a: Mimikyu\n|\n|-weather|RainDance|[upkeep]\n|upkeep\n|\n|switch|p1a: Lucario|Lucario, M|100\/100\n|turn|17\n|\n|move|p2a: Seismitoad|Earthquake|p1a: Lucario\n|-supereffective|p1a: Lucario\n|-damage|p1a: Lucario|0 fnt\n|-damage|p2a: Seismitoad|81\/100|[from] item: Life Orb\n|faint|p1a: Lucario\n|\n|win|PokeDa\n|l|\u2606piyush21\n|raw|piyush21's rating: 1873 &rarr; <strong>1842<\/strong><br \/>(-31 for losing)\n|raw|PokeDa's rating: 1663 &rarr; <strong>1693<\/strong><br \/>(+30 for winning)\n","uploadtime":1584013402,"views":143,"p1id":"piyush21","p2id":"pokeda","formatid":"gen8ou","rating":1693,"private":0,"password":null}