{"id":"gen8ou-1145144963","p1":"Rheinmetal","p2":"R4ze Lynx","format":"gen8ou","log":"|j|\u2606Rheinmetal\n|j|\u2606R4ze Lynx\n|player|p1|Rheinmetal|cynthia|1456\n|player|p2|R4ze Lynx|iris|1496\n|teamsize|p1|6\n|teamsize|p2|6\n|gametype|singles\n|gen|8\n|tier|[Gen 8] OU\n|rated|\n|clearpoke\n|poke|p1|Kingdra, M|\n|poke|p1|Pelipper, M|\n|poke|p1|Crawdaunt, F|\n|poke|p1|Magearna|\n|poke|p1|Amoonguss, F|\n|poke|p1|Kommo-o, F|\n|poke|p2|Goodra, F|\n|poke|p2|Urshifu-*, F|\n|poke|p2|Rillaboom, F|\n|poke|p2|Cobalion|\n|poke|p2|Lycanroc-Dusk, F|\n|poke|p2|Toxapex, M|\n|rule|Sleep Clause Mod: Limit one foe put to sleep\n|rule|Species Clause: Limit one of each Pok\u00e9mon\n|rule|OHKO Clause: OHKO moves are banned\n|rule|Evasion Moves Clause: Evasion moves are banned\n|rule|Endless Battle Clause: Forcing endless battles is banned\n|rule|HP Percentage Mod: HP is shown in percentages\n|rule|Dynamax Clause: You cannot dynamax\n|teampreview\n|inactive|Battle timer is ON: inactive players will automatically lose when time's up. (requested by Rheinmetal)\n|\n|start\n|switch|p1a: Kommo-o|Kommo-o, F|100\/100\n|switch|p2a: Cobalion|Cobalion|100\/100\n|turn|1\n|\n|move|p2a: Cobalion|Volt Switch|p1a: Kommo-o\n|-resisted|p1a: Kommo-o\n|-damage|p1a: Kommo-o|94\/100\n|\n|switch|p2a: Toxapex|Toxapex, M|100\/100|[from]move: Volt Switch\n|move|p1a: Kommo-o|Iron Defense|p1a: Kommo-o\n|-boost|p1a: Kommo-o|def|2\n|\n|upkeep\n|turn|2\n|\n|switch|p1a: Magearna|Magearna|100\/100\n|move|p2a: Toxapex|Toxic|p1a: Magearna\n|-immune|p1a: Magearna\n|\n|upkeep\n|turn|3\n|\n|switch|p2a: Goodra|Goodra, F|100\/100\n|move|p1a: Magearna|Volt Switch|p2a: Goodra\n|-resisted|p2a: Goodra\n|-damage|p2a: Goodra|97\/100\n|\n|switch|p1a: Pelipper|Pelipper, M|100\/100|[from]move: Volt Switch\n|-weather|RainDance|[from] ability: Drizzle|[of] p1a: Pelipper\n|\n|-weather|RainDance|[upkeep]\n|upkeep\n|turn|4\n|\n|switch|p1a: Magearna|Magearna|100\/100\n|move|p2a: Goodra|Thunderbolt|p1a: Magearna\n|-damage|p1a: Magearna|88\/100\n|\n|-weather|RainDance|[upkeep]\n|upkeep\n|turn|5\n|\n|move|p2a: Goodra|Flamethrower|p1a: Magearna\n|-supereffective|p1a: Magearna\n|-damage|p1a: Magearna|74\/100\n|move|p1a: Magearna|Fleur Cannon|p2a: Goodra\n|-supereffective|p2a: Goodra\n|-damage|p2a: Goodra|51\/100\n|-unboost|p1a: Magearna|spa|2\n|\n|-weather|RainDance|[upkeep]\n|upkeep\n|turn|6\n|\n|switch|p1a: Kingdra|Kingdra, M, shiny|100\/100\n|move|p2a: Goodra|Flamethrower|p1a: Kingdra\n|-resisted|p1a: Kingdra\n|-damage|p1a: Kingdra|97\/100\n|\n|-weather|RainDance|[upkeep]\n|upkeep\n|turn|7\n|\n|move|p1a: Kingdra|Draco Meteor|p2a: Goodra\n|-supereffective|p2a: Goodra\n|-damage|p2a: Goodra|0 fnt\n|-unboost|p1a: Kingdra|spa|2\n|faint|p2a: Goodra\n|\n|-weather|RainDance|[upkeep]\n|upkeep\n|\n|switch|p2a: Cobalion|Cobalion|100\/100\n|turn|8\n|\n|switch|p1a: Kommo-o|Kommo-o, F|94\/100\n|move|p2a: Cobalion|Iron Head|p1a: Kommo-o\n|-damage|p1a: Kommo-o|72\/100\n|-damage|p2a: Cobalion|84\/100|[from] item: Rocky Helmet|[of] p1a: Kommo-o\n|\n|-weather|RainDance|[upkeep]\n|upkeep\n|turn|9\n|\n|move|p2a: Cobalion|Iron Head|p1a: Kommo-o\n|-damage|p1a: Kommo-o|52\/100\n|-damage|p2a: Cobalion|68\/100|[from] item: Rocky Helmet|[of] p1a: Kommo-o\n|move|p1a: Kommo-o|Stealth Rock|p2a: Cobalion\n|-sidestart|p2: R4ze Lynx|move: Stealth Rock\n|\n|-weather|RainDance|[upkeep]\n|upkeep\n|turn|10\n|\n|switch|p2a: Toxapex|Toxapex, M|100\/100\n|-damage|p2a: Toxapex|88\/100|[from] Stealth Rock\n|move|p1a: Kommo-o|Body Press|p2a: Toxapex\n|-resisted|p2a: Toxapex\n|-damage|p2a: Toxapex|75\/100\n|\n|-weather|none\n|-heal|p2a: Toxapex|81\/100|[from] item: Black Sludge\n|upkeep\n|turn|11\n|\n|switch|p1a: Magearna|Magearna|74\/100\n|move|p2a: Toxapex|Scald|p1a: Magearna\n|-damage|p1a: Magearna|67\/100\n|\n|-heal|p2a: Toxapex|88\/100|[from] item: Black Sludge\n|upkeep\n|turn|12\n|\n|move|p1a: Magearna|Volt Switch|p2a: Toxapex\n|-supereffective|p2a: Toxapex\n|-damage|p2a: Toxapex|51\/100\n|\n|switch|p1a: Amoonguss|Amoonguss, F, shiny|100\/100|[from]move: Volt Switch\n|move|p2a: Toxapex|Scald|p1a: Amoonguss\n|-resisted|p1a: Amoonguss\n|-damage|p1a: Amoonguss|93\/100\n|\n|-heal|p2a: Toxapex|57\/100|[from] item: Black Sludge\n|upkeep\n|turn|13\n|\n|switch|p2a: Rillaboom|Rillaboom, F|100\/100\n|-damage|p2a: Rillaboom|88\/100|[from] Stealth Rock\n|-fieldstart|move: Grassy Terrain|[from] ability: Grassy Surge|[of] p2a: Rillaboom\n|-enditem|p2a: Rillaboom|Grassy Seed\n|-boost|p2a: Rillaboom|def|1|[from] item: Grassy Seed\n|move|p1a: Amoonguss|Spore|p2a: Rillaboom\n|-immune|p2a: Rillaboom\n|\n|-heal|p2a: Rillaboom|94\/100|[from] Grassy Terrain\n|-heal|p1a: Amoonguss|99\/100|[from] Grassy Terrain\n|upkeep\n|turn|14\n|\n|move|p2a: Rillaboom|Swords Dance|p2a: Rillaboom\n|-boost|p2a: Rillaboom|atk|2\n|move|p1a: Amoonguss|Clear Smog|p2a: Rillaboom\n|-supereffective|p2a: Rillaboom\n|-damage|p2a: Rillaboom|60\/100\n|-clearboost|p2a: Rillaboom\n|\n|-heal|p2a: Rillaboom|66\/100|[from] Grassy Terrain\n|-heal|p1a: Amoonguss|100\/100|[from] Grassy Terrain\n|upkeep\n|turn|15\n|\n|move|p2a: Rillaboom|Acrobatics|p1a: Amoonguss\n|-supereffective|p1a: Amoonguss\n|-damage|p1a: Amoonguss|45\/100\n|-damage|p2a: Rillaboom|49\/100|[from] item: Rocky Helmet|[of] p1a: Amoonguss\n|move|p1a: Amoonguss|Clear Smog|p2a: Rillaboom\n|-supereffective|p2a: Rillaboom\n|-damage|p2a: Rillaboom|15\/100\n|-clearboost|p2a: Rillaboom\n|\n|-heal|p2a: Rillaboom|21\/100|[from] Grassy Terrain\n|-heal|p1a: Amoonguss|51\/100|[from] Grassy Terrain\n|upkeep\n|turn|16\n|\n|switch|p1a: Pelipper|Pelipper, M|100\/100\n|-weather|RainDance|[from] ability: Drizzle|[of] p1a: Pelipper\n|move|p2a: Rillaboom|Acrobatics|p1a: Pelipper\n|-damage|p1a: Pelipper|71\/100\n|\n|-weather|RainDance|[upkeep]\n|-heal|p2a: Rillaboom|27\/100|[from] Grassy Terrain\n|upkeep\n|turn|17\n|\n|move|p2a: Rillaboom|Grassy Glide|p1a: Pelipper\n|-damage|p1a: Pelipper|38\/100\n|move|p1a: Pelipper|U-turn|p2a: Rillaboom\n|-supereffective|p2a: Rillaboom\n|-damage|p2a: Rillaboom|11\/100\n|\n|switch|p1a: Amoonguss|Amoonguss, F, shiny|84\/100|[from]move: U-turn\n|\n|-weather|RainDance|[upkeep]\n|-heal|p2a: Rillaboom|17\/100|[from] Grassy Terrain\n|-heal|p1a: Amoonguss|90\/100|[from] Grassy Terrain\n|-fieldend|move: Grassy Terrain\n|upkeep\n|turn|18\n|\n|move|p2a: Rillaboom|Acrobatics|p1a: Amoonguss\n|-supereffective|p1a: Amoonguss\n|-damage|p1a: Amoonguss|38\/100\n|-damage|p2a: Rillaboom|1\/100|[from] item: Rocky Helmet|[of] p1a: Amoonguss\n|move|p1a: Amoonguss|Clear Smog|p2a: Rillaboom\n|-supereffective|p2a: Rillaboom\n|-damage|p2a: Rillaboom|0 fnt\n|-clearboost|p2a: Rillaboom\n|faint|p2a: Rillaboom\n|\n|-weather|RainDance|[upkeep]\n|upkeep\n|\n|switch|p2a: Cobalion|Cobalion|68\/100\n|-damage|p2a: Cobalion|65\/100|[from] Stealth Rock\n|turn|19\n|\n|switch|p1a: Kingdra|Kingdra, M, shiny|97\/100\n|move|p2a: Cobalion|Steel Beam|p1a: Kingdra\n|-resisted|p1a: Kingdra\n|-damage|p1a: Kingdra|69\/100\n|-damage|p2a: Cobalion|14\/100|[from] mindblown\n|\n|-weather|RainDance|[upkeep]\n|upkeep\n|turn|20\n|\n|move|p1a: Kingdra|Surf|p2a: Cobalion\n|-damage|p2a: Cobalion|0 fnt\n|faint|p2a: Cobalion\n|\n|-weather|RainDance|[upkeep]\n|upkeep\n|\n|switch|p2a: Toxapex|Toxapex, M|90\/100\n|-damage|p2a: Toxapex|78\/100|[from] Stealth Rock\n|turn|21\n|\n|move|p1a: Kingdra|Surf|p2a: Toxapex\n|-resisted|p2a: Toxapex\n|-damage|p2a: Toxapex|43\/100\n|move|p2a: Toxapex|Recover|p2a: Toxapex\n|-heal|p2a: Toxapex|93\/100\n|\n|-weather|RainDance|[upkeep]\n|-heal|p2a: Toxapex|99\/100|[from] item: Black Sludge\n|upkeep\n|turn|22\n|\n|switch|p1a: Amoonguss|Amoonguss, F, shiny|71\/100\n|move|p2a: Toxapex|Toxic|p1a: Amoonguss\n|-immune|p1a: Amoonguss\n|\n|-weather|RainDance|[upkeep]\n|-heal|p2a: Toxapex|100\/100|[from] item: Black Sludge\n|upkeep\n|turn|23\n|\n|move|p2a: Toxapex|Scald|p1a: Amoonguss\n|-resisted|p1a: Amoonguss\n|-damage|p1a: Amoonguss|59\/100\n|-status|p1a: Amoonguss|brn\n|move|p1a: Amoonguss|Spore|p2a: Toxapex\n|-status|p2a: Toxapex|slp|[from] move: Spore\n|\n|-weather|none\n|-damage|p1a: Amoonguss|52\/100 brn|[from] brn\n|upkeep\n|turn|24\n|inactive|Rheinmetal has 120 seconds left.\n|\n|switch|p2a: Urshifu|Urshifu, F|100\/100\n|-damage|p2a: Urshifu|94\/100|[from] Stealth Rock\n|switch|p1a: Crawdaunt|Crawdaunt, F|100\/100\n|\n|upkeep\n|turn|25\n|inactive|Rheinmetal has 90 seconds left.\n|inactive|Rheinmetal has 60 seconds left.\n|inactive|Rheinmetal has 30 seconds left.\n|\n|switch|p1a: Amoonguss|Amoonguss, F, shiny|86\/100 brn\n|move|p2a: Urshifu|U-turn|p1a: Amoonguss\n|-damage|p1a: Amoonguss|58\/100 brn\n|-damage|p2a: Urshifu|78\/100|[from] item: Rocky Helmet|[of] p1a: Amoonguss\n|\n|switch|p2a: Lycanroc|Lycanroc-Dusk, F|100\/100|[from]move: U-turn\n|-damage|p2a: Lycanroc|88\/100|[from] Stealth Rock\n|\n|-damage|p1a: Amoonguss|52\/100 brn|[from] brn\n|upkeep\n|turn|26\n|\n|switch|p1a: Kommo-o|Kommo-o, F|52\/100\n|move|p2a: Lycanroc|Psychic Fangs|p1a: Kommo-o\n|-supereffective|p1a: Kommo-o\n|-damage|p1a: Kommo-o|0 fnt\n|-damage|p2a: Lycanroc|72\/100|[from] item: Rocky Helmet|[of] p1a: Kommo-o\n|-damage|p2a: Lycanroc|62\/100|[from] item: Life Orb\n|faint|p1a: Kommo-o\n|\n|upkeep\n|\n|switch|p1a: Pelipper|Pelipper, M|38\/100\n|-weather|RainDance|[from] ability: Drizzle|[of] p1a: Pelipper\n|turn|27\n|\n|move|p2a: Lycanroc|Swords Dance|p2a: Lycanroc\n|-boost|p2a: Lycanroc|atk|2\n|move|p1a: Pelipper|Roost|p1a: Pelipper\n|-heal|p1a: Pelipper|88\/100\n|-singleturn|p1a: Pelipper|move: Roost\n|\n|-weather|RainDance|[upkeep]\n|upkeep\n|turn|28\n|\n|move|p2a: Lycanroc|Accelerock|p1a: Pelipper\n|-supereffective|p1a: Pelipper\n|-damage|p1a: Pelipper|0 fnt\n|-damage|p2a: Lycanroc|52\/100|[from] item: Life Orb\n|faint|p1a: Pelipper\n|\n|-weather|RainDance|[upkeep]\n|upkeep\n|\n|switch|p1a: Kingdra|Kingdra, M, shiny|69\/100\n|turn|29\n|\n|move|p2a: Lycanroc|Accelerock|p1a: Kingdra\n|-damage|p1a: Kingdra|0 fnt\n|-damage|p2a: Lycanroc|42\/100|[from] item: Life Orb\n|faint|p1a: Kingdra\n|\n|-weather|RainDance|[upkeep]\n|upkeep\n|\n|switch|p1a: Magearna|Magearna|67\/100\n|turn|30\n|\n|move|p2a: Lycanroc|Close Combat|p1a: Magearna\n|-damage|p1a: Magearna|0 fnt\n|-unboost|p2a: Lycanroc|def|1\n|-unboost|p2a: Lycanroc|spd|1\n|-damage|p2a: Lycanroc|32\/100|[from] item: Life Orb\n|faint|p1a: Magearna\n|\n|-weather|RainDance|[upkeep]\n|upkeep\n|\n|switch|p1a: Crawdaunt|Crawdaunt, F|100\/100\n|turn|31\n|\n|move|p2a: Lycanroc|Accelerock|p1a: Crawdaunt\n|-damage|p1a: Crawdaunt|0 fnt\n|-damage|p2a: Lycanroc|22\/100|[from] item: Life Orb\n|faint|p1a: Crawdaunt\n|\n|-weather|RainDance|[upkeep]\n|upkeep\n|\n|switch|p1a: Amoonguss|Amoonguss, F, shiny|85\/100 brn\n|turn|32\n|c|\u2606R4ze Lynx|gg :)\n|\n|move|p2a: Lycanroc|Psychic Fangs|p1a: Amoonguss\n|-supereffective|p1a: Amoonguss\n|-damage|p1a: Amoonguss|0 fnt\n|-damage|p2a: Lycanroc|5\/100|[from] item: Rocky Helmet|[of] p1a: Amoonguss\n|-damage|p2a: Lycanroc|0 fnt|[from] item: Life Orb\n|faint|p1a: Amoonguss\n|faint|p2a: Lycanroc\n|\n|win|R4ze Lynx\n|l|\u2606Rheinmetal\n||Ladder (probably) updated, but score could not be retrieved (Request timeout).\n","uploadtime":1593893229,"views":21,"p1id":"rheinmetal","p2id":"r4zelynx","formatid":"gen8ou","rating":0,"private":0,"password":null}