{"id":"gen8ou-1624480094","p1":"powercheeks","p2":"lou dort","format":"gen8ou","log":"|j|\u2606powercheeks\n|j|\u2606lou dort\n|t:|1658705017\n|gametype|singles\n|player|p1|powercheeks|wattson|1527\n|player|p2|lou dort|170|1631\n|teamsize|p1|6\n|teamsize|p2|6\n|gen|8\n|tier|[Gen 8] OU\n|rated|\n|rule|Sleep Clause Mod: Limit one foe put to sleep\n|rule|Species Clause: Limit one of each Pok\u00e9mon\n|rule|OHKO Clause: OHKO moves are banned\n|rule|Evasion Moves Clause: Evasion moves are banned\n|rule|Endless Battle Clause: Forcing endless battles is banned\n|rule|HP Percentage Mod: HP is shown in percentages\n|rule|Dynamax Clause: You cannot dynamax\n|clearpoke\n|poke|p1|Charizard, F|\n|poke|p1|Hatterene, F|\n|poke|p1|Landorus-Therian, M|\n|poke|p1|Slurpuff, M|\n|poke|p1|Kommo-o, M|\n|poke|p1|Celesteela|\n|poke|p2|Buzzwole|\n|poke|p2|Zapdos|\n|poke|p2|Heatran, F|\n|poke|p2|Dragapult, F|\n|poke|p2|Ferrothorn, M|\n|poke|p2|Landorus-Therian, M|\n|teampreview\n|inactive|Battle timer is ON: inactive players will automatically lose when time's up. (requested by lou dort)\n|j| GrizzlyAdams94\n|inactive|powercheeks has 120 seconds left.\n|inactive|lou dort has 120 seconds left.\n|\n|t:|1658705075\n|start\n|switch|p1a: Slurpuff|Slurpuff, M, shiny|100\/100\n|switch|p2a: Landorus|Landorus-Therian, M|100\/100\n|-ability|p2a: Landorus|Intimidate|boost\n|-unboost|p1a: Slurpuff|atk|1\n|turn|1\n|\n|t:|1658705102\n|move|p1a: Slurpuff|Sticky Web|p2a: Landorus\n|-sidestart|p2: lou dort|move: Sticky Web\n|move|p2a: Landorus|Defog|p1a: Slurpuff\n|-unboost|p1a: Slurpuff|evasion|1\n|-sideend|p2: lou dort|Sticky Web|[from] move: Defog|[of] p2a: Landorus\n|\n|upkeep\n|turn|2\n|\n|t:|1658705105\n|move|p1a: Slurpuff|Yawn|p2a: Landorus\n|-start|p2a: Landorus|move: Yawn|[of] p1a: Slurpuff\n|move|p2a: Landorus|Defog|p1a: Slurpuff\n|-unboost|p1a: Slurpuff|evasion|1\n|\n|upkeep\n|turn|3\n|\n|t:|1658705109\n|move|p1a: Slurpuff|Sticky Web|p2a: Landorus\n|-sidestart|p2: lou dort|move: Sticky Web\n|move|p2a: Landorus|U-turn|p1a: Slurpuff\n|-resisted|p1a: Slurpuff\n|-damage|p1a: Slurpuff|86\/100\n|\n|t:|1658705112\n|switch|p2a: Zapdos|Zapdos|100\/100|[from]move: U-turn\n|\n|upkeep\n|turn|4\n|\n|t:|1658705117\n|move|p2a: Zapdos|Volt Switch|p1a: Slurpuff\n|-damage|p1a: Slurpuff|41\/100\n|\n|t:|1658705118\n|switch|p2a: Landorus|Landorus-Therian, M|100\/100|[from]move: Volt Switch\n|-ability|p2a: Landorus|Intimidate|boost\n|-unboost|p1a: Slurpuff|atk|1\n|move|p1a: Slurpuff|Yawn|p2a: Landorus\n|-start|p2a: Landorus|move: Yawn|[of] p1a: Slurpuff\n|\n|upkeep\n|turn|5\n|\n|t:|1658705123\n|move|p1a: Slurpuff|Endeavor|p2a: Landorus\n|-damage|p2a: Landorus|33\/100\n|move|p2a: Landorus|U-turn|p1a: Slurpuff\n|-resisted|p1a: Slurpuff\n|-damage|p1a: Slurpuff|27\/100\n|\n|t:|1658705129\n|switch|p2a: Zapdos|Zapdos|100\/100|[from]move: U-turn\n|\n|upkeep\n|turn|6\n|\n|t:|1658705133\n|move|p2a: Zapdos|Volt Switch|p1a: Slurpuff\n|-damage|p1a: Slurpuff|0 fnt\n|faint|p1a: Slurpuff\n|\n|t:|1658705138\n|switch|p2a: Landorus|Landorus-Therian, M|33\/100|[from]move: Volt Switch\n|\n|-heal|p2a: Landorus|39\/100|[from] item: Leftovers\n|upkeep\n|\n|t:|1658705164\n|switch|p1a: Charizard|Charizard, F, shiny|100\/100\n|turn|7\n|\n|t:|1658705168\n|move|p1a: Charizard|Substitute|p1a: Charizard\n|-start|p1a: Charizard|Substitute\n|-damage|p1a: Charizard|76\/100\n|move|p2a: Landorus|Knock Off|p1a: Charizard\n|-end|p1a: Charizard|Substitute\n|\n|-heal|p2a: Landorus|45\/100|[from] item: Leftovers\n|upkeep\n|turn|8\n|\n|t:|1658705176\n|move|p1a: Charizard|Belly Drum|p1a: Charizard\n|-damage|p1a: Charizard|26\/100\n|-setboost|p1a: Charizard|atk|6|[from] move: Belly Drum\n|-enditem|p1a: Charizard|Sitrus Berry|[eat]\n|-heal|p1a: Charizard|50\/100|[from] item: Sitrus Berry\n|move|p2a: Landorus|Knock Off|p1a: Charizard\n|-damage|p1a: Charizard|22\/100\n|\n|-heal|p2a: Landorus|51\/100|[from] item: Leftovers\n|upkeep\n|turn|9\n|\n|t:|1658705185\n|switch|p2a: Heatran|Heatran, F|100\/100\n|-item|p2a: Heatran|Air Balloon\n|move|p1a: Charizard|Flame Charge|p2a: Heatran\n|-start|p2a: Heatran|ability: Flash Fire\n|\n|upkeep\n|turn|10\n|\n|t:|1658705188\n|move|p1a: Charizard|Acrobatics|p2a: Heatran\n|-resisted|p2a: Heatran\n|-damage|p2a: Heatran|19\/100\n|-enditem|p2a: Heatran|Air Balloon\n|move|p2a: Heatran|Magma Storm|p1a: Charizard\n|-resisted|p1a: Charizard\n|-damage|p1a: Charizard|0 fnt\n|faint|p1a: Charizard\n|\n|upkeep\n|\n|t:|1658705199\n|switch|p1a: Kommo-o|Kommo-o, M, shiny|100\/100\n|turn|11\n|\n|t:|1658705207\n|-end|p2a: Heatran|ability: Flash Fire|[silent]\n|switch|p2a: Zapdos|Zapdos|100\/100\n|move|p1a: Kommo-o|Swords Dance|p1a: Kommo-o\n|-boost|p1a: Kommo-o|atk|2\n|\n|upkeep\n|turn|12\n|\n|t:|1658705209\n|move|p1a: Kommo-o|Scale Shot|p2a: Zapdos\n|-crit|p2a: Zapdos\n|-damage|p2a: Zapdos|63\/100\n|-damage|p2a: Zapdos|39\/100\n|-hitcount|p2a: Zapdos|2\n|-unboost|p1a: Kommo-o|def|1\n|-boost|p1a: Kommo-o|spe|1\n|-damage|p1a: Kommo-o|91\/100|[from] item: Life Orb\n|move|p2a: Zapdos|Hurricane|p1a: Kommo-o\n|-supereffective|p1a: Kommo-o\n|-damage|p1a: Kommo-o|0 fnt\n|faint|p1a: Kommo-o\n|\n|upkeep\n|\n|t:|1658705216\n|switch|p1a: Celesteela|Celesteela|100\/100\n|turn|13\n|\n|t:|1658705219\n|move|p2a: Zapdos|Discharge|p1a: Celesteela\n|-supereffective|p1a: Celesteela\n|-damage|p1a: Celesteela|39\/100\n|move|p1a: Celesteela|Autotomize|p1a: Celesteela\n|-boost|p1a: Celesteela|spe|2\n|-start|p1a: Celesteela|Autotomize\n|\n|upkeep\n|turn|14\n|\n|t:|1658705224\n|move|p1a: Celesteela|Meteor Beam||[still]\n|-prepare|p1a: Celesteela|Meteor Beam\n|-boost|p1a: Celesteela|spa|1\n|-enditem|p1a: Celesteela|Power Herb\n|-anim|p1a: Celesteela|Meteor Beam|p2a: Zapdos|[miss]\n|-miss|p1a: Celesteela|p2a: Zapdos\n|move|p2a: Zapdos|Discharge|p1a: Celesteela\n|-supereffective|p1a: Celesteela\n|-damage|p1a: Celesteela|0 fnt\n|faint|p1a: Celesteela\n|\n|upkeep\n|c|\u2606lou dort|ez\n|\n|t:|1658705230\n|switch|p1a: Hatterene|Hatterene, F, shiny|100\/100\n|turn|15\n|l| GrizzlyAdams94\n|c|\u2606powercheeks|this game bruh\n|c|\u2606lou dort|u should try winning with ur own team\n|\n|t:|1658705239\n|move|p2a: Zapdos|Discharge|p1a: Hatterene\n|-damage|p1a: Hatterene|62\/100\n|move|p1a: Hatterene|Calm Mind|p1a: Hatterene\n|-boost|p1a: Hatterene|spa|1\n|-boost|p1a: Hatterene|spd|1\n|\n|upkeep\n|turn|16\n|c|\u2606powercheeks|yoiu should try not using hax\n|\n|t:|1658705244\n|move|p2a: Zapdos|Discharge|p1a: Hatterene\n|-damage|p1a: Hatterene|36\/100\n|move|p1a: Hatterene|Draining Kiss|p2a: Zapdos\n|-damage|p2a: Zapdos|8\/100\n|-heal|p1a: Hatterene|65\/100|[from] drain|[of] p2a: Zapdos\n|\n|upkeep\n|turn|17\n|\n|t:|1658705247\n|move|p2a: Zapdos|Discharge|p1a: Hatterene\n|-damage|p1a: Hatterene|44\/100\n|-status|p1a: Hatterene|par\n|move|p1a: Hatterene|Draining Kiss|p2a: Zapdos\n|-damage|p2a: Zapdos|0 fnt\n|-heal|p1a: Hatterene|50\/100 par|[from] drain|[of] p2a: Zapdos\n|faint|p2a: Zapdos\n|\n|upkeep\n|\n|t:|1658705253\n|switch|p2a: Landorus|Landorus-Therian, M|51\/100\n|-ability|p2a: Landorus|Intimidate|boost\n|-unboost|p1a: Hatterene|atk|1\n|turn|18\n|c|\u2606powercheeks|that power herb miss lmao\n|\n|t:|1658705256\n|move|p2a: Landorus|Defog|p1a: Hatterene\n|move|p1a: Hatterene|Defog|p2a: Landorus|[from]ability: Magic Bounce\n|-unboost|p2a: Landorus|evasion|1\n|-sideend|p2: lou dort|Sticky Web|[from] move: Defog|[of] p1a: Hatterene\n|move|p1a: Hatterene|Draining Kiss|p2a: Landorus\n|-damage|p2a: Landorus|26\/100\n|-heal|p1a: Hatterene|73\/100 par|[from] drain|[of] p2a: Landorus\n|\n|-heal|p2a: Landorus|32\/100|[from] item: Leftovers\n|upkeep\n|turn|19\n|c|\u2606lou dort|skill issue\n|\n|t:|1658705267\n|move|p2a: Landorus|Earthquake|p1a: Hatterene\n|-damage|p1a: Hatterene|37\/100 par\n|move|p1a: Hatterene|Calm Mind|p1a: Hatterene\n|-boost|p1a: Hatterene|spa|1\n|-boost|p1a: Hatterene|spd|1\n|\n|-heal|p2a: Landorus|38\/100|[from] item: Leftovers\n|upkeep\n|turn|20\n|c|\u2606powercheeks|yes i know\n|c|\u2606powercheeks|im much better\n|\n|t:|1658705274\n|move|p2a: Landorus|Earthquake|p1a: Hatterene\n|-damage|p1a: Hatterene|0 fnt\n|faint|p1a: Hatterene\n|\n|-heal|p2a: Landorus|44\/100|[from] item: Leftovers\n|upkeep\n|\n|t:|1658705276\n|switch|p1a: Landorus|Landorus-Therian, M|100\/100\n|-ability|p1a: Landorus|Intimidate|boost\n|-unboost|p2a: Landorus|atk|1\n|turn|21\n|-message|powercheeks forfeited.\n|\n|win|lou dort\n|raw|powercheeks's rating: 1527 &rarr; <strong>1513<\/strong><br \/>(-14 for losing)\n|raw|lou dort's rating: 1631 &rarr; <strong>1645<\/strong><br \/>(+14 for winning)\n|l|\u2606powercheeks\n|c|\u2606lou dort|is that why ur 100 points lower than me\n","uploadtime":1658705284,"views":11,"p1id":"powercheeks","p2id":"loudort","formatid":"gen8ou","rating":1513,"private":0,"password":null}