{"id":"gen8ou-1103558039","p1":"Proftreez","p2":"lord cube","format":"gen8ou","log":"|j|\u2606Proftreez\n|j|\u2606lord cube\n|player|p1|Proftreez|teacher-gen2|1771\n|player|p2|lord cube|riley|1636\n|teamsize|p1|6\n|teamsize|p2|6\n|gametype|singles\n|gen|8\n|tier|[Gen 8] OU\n|rated|\n|clearpoke\n|poke|p1|Primarina, F|\n|poke|p1|Weezing-Galar, M|\n|poke|p1|Bronzong|\n|poke|p1|Lanturn, M|\n|poke|p1|Kommo-o, M|\n|poke|p1|Mantine, M|\n|poke|p2|Primarina, M|\n|poke|p2|Ferrothorn, M|\n|poke|p2|Bisharp, F|\n|poke|p2|Gengar, F|\n|poke|p2|Rotom-Heat|\n|poke|p2|Clefable, F|\n|rule|Sleep Clause Mod: Limit one foe put to sleep\n|rule|Species Clause: Limit one of each Pok\u00e9mon\n|rule|OHKO Clause: OHKO moves are banned\n|rule|Evasion Moves Clause: Evasion moves are banned\n|rule|Endless Battle Clause: Forcing endless battles is banned\n|rule|HP Percentage Mod: HP is shown in percentages\n|rule|Dynamax Clause: You cannot dynamax\n|teampreview\n|\n|start\n|switch|p1a: Liberty|Bronzong|100\/100\n|switch|p2a: Clefable|Clefable, F|100\/100\n|turn|1\n|\n|move|p1a: Liberty|Stealth Rock|p2a: Clefable\n|-sidestart|p2: lord cube|move: Stealth Rock\n|move|p2a: Clefable|Stealth Rock|p1a: Liberty\n|-sidestart|p1: Proftreez|move: Stealth Rock\n|\n|upkeep\n|turn|2\n|\n|switch|p1a: Post|Lanturn, M|100\/100\n|-damage|p1a: Post|88\/100|[from] Stealth Rock\n|move|p2a: Clefable|Thunder Wave|p1a: Post\n|-heal|p1a: Post|100\/100|[from] ability: Volt Absorb|[of] p2a: Clefable\n|\n|upkeep\n|turn|3\n|\n|move|p1a: Post|Volt Switch|p2a: Clefable\n|-damage|p2a: Clefable|85\/100\n|\n|switch|p1a: Liberty|Bronzong|100\/100|[from]move: Volt Switch\n|-damage|p1a: Liberty|94\/100|[from] Stealth Rock\n|move|p2a: Clefable|Moonblast|p1a: Liberty\n|-resisted|p1a: Liberty\n|-damage|p1a: Liberty|83\/100\n|\n|-heal|p2a: Clefable|91\/100|[from] item: Leftovers\n|upkeep\n|turn|4\n|j| Team Rocket Ace\n|\n|move|p1a: Liberty|Trick|p2a: Clefable\n|-activate|p1a: Liberty|move: Trick|[of] p2a: Clefable\n|-item|p2a: Clefable|Choice Scarf|[from] move: Trick\n|-item|p1a: Liberty|Leftovers|[from] move: Trick\n|move|p2a: Clefable|Thunder Wave|p1a: Liberty\n|-status|p1a: Liberty|par\n|\n|-heal|p1a: Liberty|89\/100 par|[from] item: Leftovers\n|upkeep\n|turn|5\n|\n|switch|p2a: Bisharp|Bisharp, F|100\/100\n|-damage|p2a: Bisharp|95\/100|[from] Stealth Rock\n|switch|p1a: Cassandra|Primarina, F|100\/100\n|-damage|p1a: Cassandra|88\/100|[from] Stealth Rock\n|\n|-heal|p1a: Cassandra|94\/100|[from] item: Leftovers\n|upkeep\n|turn|6\n|\n|switch|p1a: Armor 20|Kommo-o, M|100\/100\n|-damage|p1a: Armor 20|94\/100|[from] Stealth Rock\n|move|p2a: Bisharp|Knock Off|p1a: Armor 20\n|-resisted|p1a: Armor 20\n|-damage|p1a: Armor 20|65\/100\n|-enditem|p1a: Armor 20|Leftovers|[from] move: Knock Off|[of] p2a: Bisharp\n|\n|upkeep\n|turn|7\n|\n|switch|p2a: Rotom|Rotom-Heat|100\/100\n|move|p1a: Armor 20|Drain Punch|p2a: Rotom\n|-damage|p2a: Rotom|73\/100\n|-heal|p1a: Armor 20|78\/100|[from] drain|[of] p2a: Rotom\n|\n|upkeep\n|turn|8\n|\n|switch|p1a: Post|Lanturn, M|100\/100\n|-damage|p1a: Post|88\/100|[from] Stealth Rock\n|move|p2a: Rotom|Toxic|p1a: Post\n|-status|p1a: Post|tox\n|\n|-heal|p1a: Post|94\/100 tox|[from] item: Leftovers\n|-damage|p1a: Post|88\/100 tox|[from] psn\n|upkeep\n|turn|9\n|\n|switch|p2a: Clefable|Clefable, F|91\/100\n|move|p1a: Post|Heal Bell|p1a: Post\n|-activate|p1a: Post|move: Heal Bell\n|-curestatus|p1a: Post|tox|[msg]\n|-curestatus|p1: Liberty|par|[msg]\n|\n|-heal|p1a: Post|94\/100|[from] item: Leftovers\n|upkeep\n|turn|10\n|\n|move|p2a: Clefable|Thunder Wave|p1a: Post\n|-heal|p1a: Post|100\/100|[from] ability: Volt Absorb|[of] p2a: Clefable\n|move|p1a: Post|Discharge|p2a: Clefable\n|-damage|p2a: Clefable|73\/100\n|\n|upkeep\n|turn|11\n|\n|switch|p2a: Ferrothorn|Ferrothorn, M|100\/100\n|-damage|p2a: Ferrothorn|94\/100|[from] Stealth Rock\n|move|p1a: Post|Volt Switch|p2a: Ferrothorn\n|-resisted|p2a: Ferrothorn\n|-damage|p2a: Ferrothorn|85\/100\n|\n|switch|p1a: Cassandra|Primarina, F|94\/100|[from]move: Volt Switch\n|-damage|p1a: Cassandra|82\/100|[from] Stealth Rock\n|\n|-heal|p1a: Cassandra|88\/100|[from] item: Leftovers\n|-heal|p2a: Ferrothorn|91\/100|[from] item: Leftovers\n|upkeep\n|turn|12\n|\n|switch|p2a: Rotom|Rotom-Heat|73\/100\n|move|p1a: Cassandra|Substitute|p1a: Cassandra\n|-start|p1a: Cassandra|Substitute\n|-damage|p1a: Cassandra|63\/100\n|\n|-heal|p1a: Cassandra|69\/100|[from] item: Leftovers\n|upkeep\n|turn|13\n|\n|move|p2a: Rotom|Volt Switch|p1a: Cassandra\n|-supereffective|p1a: Cassandra\n|-end|p1a: Cassandra|Substitute\n|\n|switch|p2a: Primarina|Primarina, M|100\/100|[from]move: Volt Switch\n|-damage|p2a: Primarina|88\/100|[from] Stealth Rock\n|move|p1a: Cassandra|Scald|p2a: Primarina\n|-resisted|p2a: Primarina\n|-damage|p2a: Primarina|74\/100\n|\n|-heal|p1a: Cassandra|75\/100|[from] item: Leftovers\n|-heal|p2a: Primarina|80\/100|[from] item: Leftovers\n|upkeep\n|turn|14\n|\n|move|p1a: Cassandra|Moonblast|p2a: Primarina\n|-damage|p2a: Primarina|48\/100\n|move|p2a: Primarina|Calm Mind|p2a: Primarina\n|-boost|p2a: Primarina|spa|1\n|-boost|p2a: Primarina|spd|1\n|\n|-heal|p1a: Cassandra|82\/100|[from] item: Leftovers\n|-heal|p2a: Primarina|54\/100|[from] item: Leftovers\n|upkeep\n|turn|15\n|\n|move|p1a: Cassandra|Calm Mind|p1a: Cassandra\n|-boost|p1a: Cassandra|spa|1\n|-boost|p1a: Cassandra|spd|1\n|move|p2a: Primarina|Moonblast|p1a: Cassandra\n|-damage|p1a: Cassandra|47\/100\n|-unboost|p1a: Cassandra|spa|1\n|\n|-heal|p1a: Cassandra|53\/100|[from] item: Leftovers\n|-heal|p2a: Primarina|60\/100|[from] item: Leftovers\n|upkeep\n|turn|16\n|\n|move|p1a: Cassandra|Calm Mind|p1a: Cassandra\n|-boost|p1a: Cassandra|spa|1\n|-boost|p1a: Cassandra|spd|1\n|move|p2a: Primarina|Moonblast|p1a: Cassandra\n|-damage|p1a: Cassandra|26\/100\n|\n|-heal|p1a: Cassandra|33\/100|[from] item: Leftovers\n|-heal|p2a: Primarina|66\/100|[from] item: Leftovers\n|upkeep\n|turn|17\n|\n|move|p1a: Cassandra|Moonblast|p2a: Primarina\n|-damage|p2a: Primarina|35\/100\n|move|p2a: Primarina|Moonblast|p1a: Cassandra\n|-damage|p1a: Cassandra|8\/100\n|\n|-heal|p1a: Cassandra|14\/100|[from] item: Leftovers\n|-heal|p2a: Primarina|41\/100|[from] item: Leftovers\n|upkeep\n|turn|18\n|\n|switch|p2a: Rotom|Rotom-Heat|73\/100\n|move|p1a: Cassandra|Moonblast|p2a: Rotom\n|-resisted|p2a: Rotom\n|-damage|p2a: Rotom|44\/100\n|\n|-heal|p1a: Cassandra|20\/100|[from] item: Leftovers\n|upkeep\n|turn|19\n|\n|switch|p1a: Post|Lanturn, M|100\/100\n|-damage|p1a: Post|88\/100|[from] Stealth Rock\n|move|p2a: Rotom|Volt Switch|p1a: Post\n|-heal|p1a: Post|100\/100|[from] ability: Volt Absorb|[of] p2a: Rotom\n|\n|upkeep\n|turn|20\n|\n|switch|p2a: Ferrothorn|Ferrothorn, M|91\/100\n|-damage|p2a: Ferrothorn|85\/100|[from] Stealth Rock\n|move|p1a: Post|Volt Switch|p2a: Ferrothorn\n|-resisted|p2a: Ferrothorn\n|-damage|p2a: Ferrothorn|76\/100\n|\n|switch|p1a: Armor 20|Kommo-o, M|78\/100|[from]move: Volt Switch\n|-damage|p1a: Armor 20|72\/100|[from] Stealth Rock\n|\n|-heal|p2a: Ferrothorn|82\/100|[from] item: Leftovers\n|upkeep\n|turn|21\n|\n|switch|p2a: Clefable|Clefable, F|73\/100\n|move|p1a: Armor 20|Swords Dance|p1a: Armor 20\n|-boost|p1a: Armor 20|atk|2\n|\n|upkeep\n|turn|22\n|\n|switch|p1a: Liberty|Bronzong|89\/100\n|-damage|p1a: Liberty|83\/100|[from] Stealth Rock\n|move|p2a: Clefable|Moonblast|p1a: Liberty\n|-resisted|p1a: Liberty\n|-damage|p1a: Liberty|72\/100\n|-unboost|p1a: Liberty|spa|1\n|\n|-heal|p1a: Liberty|78\/100|[from] item: Leftovers\n|upkeep\n|turn|23\n|j| LC\u2764VS\n|\n|switch|p2a: Rotom|Rotom-Heat|44\/100\n|switch|p1a: Smog Banks|Weezing-Galar, M|100\/100\n|-damage|p1a: Smog Banks|88\/100|[from] Stealth Rock\n|\n|-heal|p1a: Smog Banks|94\/100|[from] item: Leftovers\n|upkeep\n|turn|24\n|\n|switch|p1a: Post|Lanturn, M|100\/100\n|-damage|p1a: Post|88\/100|[from] Stealth Rock\n|move|p2a: Rotom|Toxic|p1a: Post\n|-status|p1a: Post|tox\n|\n|-heal|p1a: Post|94\/100 tox|[from] item: Leftovers\n|-damage|p1a: Post|88\/100 tox|[from] psn\n|upkeep\n|turn|25\n|\n|switch|p2a: Bisharp|Bisharp, F|95\/100\n|-damage|p2a: Bisharp|89\/100|[from] Stealth Rock\n|move|p1a: Post|Heal Bell|p1a: Post\n|-activate|p1a: Post|move: Heal Bell\n|-curestatus|p1a: Post|tox|[msg]\n|\n|-heal|p1a: Post|94\/100|[from] item: Leftovers\n|upkeep\n|turn|26\n|\n|switch|p1a: Armor 20|Kommo-o, M|72\/100\n|-damage|p1a: Armor 20|65\/100|[from] Stealth Rock\n|move|p2a: Bisharp|Knock Off|p1a: Armor 20\n|-resisted|p1a: Armor 20\n|-crit|p1a: Armor 20\n|-damage|p1a: Armor 20|36\/100\n|\n|upkeep\n|turn|27\n|\n|switch|p2a: Gengar|Gengar, F|100\/100\n|-damage|p2a: Gengar|88\/100|[from] Stealth Rock\n|move|p1a: Armor 20|Drain Punch|p2a: Gengar\n|-immune|p2a: Gengar\n|\n|-heal|p2a: Gengar|94\/100|[from] item: Black Sludge\n|upkeep\n|turn|28\n|\n|switch|p1a: Rei|Mantine, M|100\/100\n|move|p2a: Gengar|Substitute|p2a: Gengar\n|-start|p2a: Gengar|Substitute\n|-damage|p2a: Gengar|69\/100\n|\n|-heal|p2a: Gengar|76\/100|[from] item: Black Sludge\n|upkeep\n|turn|29\n|\n|move|p2a: Gengar|Will-O-Wisp|p1a: Rei\n|-status|p1a: Rei|brn\n|move|p1a: Rei|Scald|p2a: Gengar\n|-end|p2a: Gengar|Substitute\n|\n|-heal|p2a: Gengar|82\/100|[from] item: Black Sludge\n|-damage|p1a: Rei|94\/100 brn|[from] brn\n|upkeep\n|turn|30\n|\n|move|p2a: Gengar|Substitute|p2a: Gengar\n|-start|p2a: Gengar|Substitute\n|-damage|p2a: Gengar|57\/100\n|move|p1a: Rei|Mirror Coat||[still]\n|-fail|p1a: Rei\n|\n|-heal|p2a: Gengar|63\/100|[from] item: Black Sludge\n|-damage|p1a: Rei|88\/100 brn|[from] brn\n|upkeep\n|turn|31\n|\n|move|p2a: Gengar|Hex|p1a: Rei\n|-damage|p1a: Rei|49\/100 brn\n|move|p1a: Rei|Scald|p2a: Gengar\n|-end|p2a: Gengar|Substitute\n|\n|-heal|p2a: Gengar|69\/100|[from] item: Black Sludge\n|-damage|p1a: Rei|43\/100 brn|[from] brn\n|upkeep\n|turn|32\n|\n|switch|p2a: Bisharp|Bisharp, F|89\/100\n|-damage|p2a: Bisharp|83\/100|[from] Stealth Rock\n|move|p1a: Rei|Roost|p1a: Rei\n|-heal|p1a: Rei|93\/100 brn\n|-singleturn|p1a: Rei|move: Roost\n|\n|-damage|p1a: Rei|87\/100 brn|[from] brn\n|upkeep\n|turn|33\n|\n|move|p2a: Bisharp|Knock Off|p1a: Rei\n|-damage|p1a: Rei|20\/100 brn\n|-enditem|p1a: Rei|Heavy-Duty Boots|[from] move: Knock Off|[of] p2a: Bisharp\n|move|p1a: Rei|Scald|p2a: Bisharp\n|-damage|p2a: Bisharp|43\/100\n|-status|p2a: Bisharp|brn\n|\n|-damage|p2a: Bisharp|37\/100 brn|[from] brn\n|-damage|p1a: Rei|14\/100 brn|[from] brn\n|upkeep\n|turn|34\n|\n|move|p2a: Bisharp|Knock Off|p1a: Rei\n|-damage|p1a: Rei|0 fnt\n|faint|p1a: Rei\n|\n|-damage|p2a: Bisharp|31\/100 brn|[from] brn\n|upkeep\n|\n|switch|p1a: Armor 20|Kommo-o, M|36\/100\n|-damage|p1a: Armor 20|30\/100|[from] Stealth Rock\n|turn|35\n|\n|switch|p2a: Clefable|Clefable, F|73\/100\n|move|p1a: Armor 20|Earthquake|p2a: Clefable\n|-damage|p2a: Clefable|42\/100\n|\n|upkeep\n|turn|36\n|\n|switch|p1a: Liberty|Bronzong|78\/100\n|-damage|p1a: Liberty|72\/100|[from] Stealth Rock\n|move|p2a: Clefable|Soft-Boiled|p2a: Clefable\n|-heal|p2a: Clefable|92\/100\n|\n|-heal|p1a: Liberty|78\/100|[from] item: Leftovers\n|upkeep\n|turn|37\n|\n|switch|p2a: Ferrothorn|Ferrothorn, M|82\/100\n|-damage|p2a: Ferrothorn|76\/100|[from] Stealth Rock\n|switch|p1a: Armor 20|Kommo-o, M|30\/100\n|-damage|p1a: Armor 20|24\/100|[from] Stealth Rock\n|\n|-heal|p2a: Ferrothorn|82\/100|[from] item: Leftovers\n|upkeep\n|turn|38\n|\n|switch|p2a: Clefable|Clefable, F|92\/100\n|move|p1a: Armor 20|Drain Punch|p2a: Clefable\n|-resisted|p2a: Clefable\n|-damage|p2a: Clefable|75\/100\n|-heal|p1a: Armor 20|34\/100|[from] drain|[of] p2a: Clefable\n|\n|upkeep\n|turn|39\n|\n|switch|p1a: Liberty|Bronzong|78\/100\n|-damage|p1a: Liberty|72\/100|[from] Stealth Rock\n|switch|p2a: Gengar|Gengar, F|69\/100\n|-damage|p2a: Gengar|57\/100|[from] Stealth Rock\n|\n|-heal|p2a: Gengar|63\/100|[from] item: Black Sludge\n|-heal|p1a: Liberty|78\/100|[from] item: Leftovers\n|upkeep\n|turn|40\n|\n|move|p2a: Gengar|Substitute|p2a: Gengar\n|-start|p2a: Gengar|Substitute\n|-damage|p2a: Gengar|38\/100\n|move|p1a: Liberty|Earthquake|p2a: Gengar\n|-supereffective|p2a: Gengar\n|-end|p2a: Gengar|Substitute\n|\n|-heal|p2a: Gengar|44\/100|[from] item: Black Sludge\n|-heal|p1a: Liberty|84\/100|[from] item: Leftovers\n|upkeep\n|turn|41\n|\n|switch|p2a: Rotom|Rotom-Heat|44\/100\n|move|p1a: Liberty|Earthquake|p2a: Rotom\n|-immune|p2a: Rotom|[from] ability: Levitate\n|\n|-heal|p1a: Liberty|90\/100|[from] item: Leftovers\n|upkeep\n|turn|42\n|\n|switch|p1a: Post|Lanturn, M|94\/100\n|-damage|p1a: Post|82\/100|[from] Stealth Rock\n|move|p2a: Rotom|Toxic|p1a: Post\n|-status|p1a: Post|tox\n|\n|-heal|p1a: Post|88\/100 tox|[from] item: Leftovers\n|-damage|p1a: Post|82\/100 tox|[from] psn\n|upkeep\n|turn|43\n|\n|switch|p2a: Bisharp|Bisharp, F|31\/100 brn\n|-damage|p2a: Bisharp|25\/100 brn|[from] Stealth Rock\n|move|p1a: Post|Scald|p2a: Bisharp\n|-damage|p2a: Bisharp|0 fnt\n|faint|p2a: Bisharp\n|\n|-heal|p1a: Post|88\/100 tox|[from] item: Leftovers\n|-damage|p1a: Post|76\/100 tox|[from] psn\n|upkeep\n|\n|switch|p2a: Gengar|Gengar, F|44\/100\n|-damage|p2a: Gengar|32\/100|[from] Stealth Rock\n|turn|44\n|\n|move|p2a: Gengar|Hex|p1a: Post\n|-damage|p1a: Post|23\/100 tox\n|move|p1a: Post|Discharge|p2a: Gengar\n|-crit|p2a: Gengar\n|-damage|p2a: Gengar|0 fnt\n|faint|p2a: Gengar\n|\n|-heal|p1a: Post|29\/100 tox|[from] item: Leftovers\n|-damage|p1a: Post|10\/100 tox|[from] psn\n|upkeep\n|\n|switch|p2a: Rotom|Rotom-Heat|44\/100\n|turn|45\n|\n|move|p2a: Rotom|Overheat|p1a: Post\n|-resisted|p1a: Post\n|-damage|p1a: Post|0 fnt\n|-unboost|p2a: Rotom|spa|2\n|faint|p1a: Post\n|\n|upkeep\n|\n|switch|p1a: Armor 20|Kommo-o, M|34\/100\n|-damage|p1a: Armor 20|28\/100|[from] Stealth Rock\n|turn|46\n|\n|switch|p2a: Clefable|Clefable, F|75\/100\n|move|p1a: Armor 20|Drain Punch|p2a: Clefable\n|-resisted|p2a: Clefable\n|-damage|p2a: Clefable|58\/100\n|-heal|p1a: Armor 20|39\/100|[from] drain|[of] p2a: Clefable\n|\n|upkeep\n|turn|47\n|\n|switch|p1a: Liberty|Bronzong|90\/100\n|-damage|p1a: Liberty|84\/100|[from] Stealth Rock\n|move|p2a: Clefable|Thunder Wave|p1a: Liberty\n|-status|p1a: Liberty|par\n|\n|-heal|p1a: Liberty|90\/100 par|[from] item: Leftovers\n|upkeep\n|turn|48\n|\n|switch|p2a: Rotom|Rotom-Heat|44\/100\n|switch|p1a: Armor 20|Kommo-o, M|39\/100\n|-damage|p1a: Armor 20|33\/100|[from] Stealth Rock\n|\n|upkeep\n|turn|49\n|\n|switch|p2a: Clefable|Clefable, F|58\/100\n|move|p1a: Armor 20|Drain Punch|p2a: Clefable\n|-resisted|p2a: Clefable\n|-damage|p2a: Clefable|43\/100\n|-heal|p1a: Armor 20|42\/100|[from] drain|[of] p2a: Clefable\n|\n|upkeep\n|turn|50\n|\n|switch|p1a: Liberty|Bronzong|90\/100 par\n|-damage|p1a: Liberty|84\/100 par|[from] Stealth Rock\n|move|p2a: Clefable|Soft-Boiled|p2a: Clefable\n|-heal|p2a: Clefable|93\/100\n|\n|-heal|p1a: Liberty|90\/100 par|[from] item: Leftovers\n|upkeep\n|turn|51\n|\n|switch|p2a: Rotom|Rotom-Heat|44\/100\n|switch|p1a: Armor 20|Kommo-o, M|42\/100\n|-damage|p1a: Armor 20|36\/100|[from] Stealth Rock\n|\n|upkeep\n|turn|52\n|\n|switch|p2a: Clefable|Clefable, F|93\/100\n|move|p1a: Armor 20|Drain Punch|p2a: Clefable\n|-resisted|p2a: Clefable\n|-damage|p2a: Clefable|77\/100\n|-heal|p1a: Armor 20|46\/100|[from] drain|[of] p2a: Clefable\n|\n|upkeep\n|turn|53\n|\n|switch|p1a: Liberty|Bronzong|90\/100 par\n|-damage|p1a: Liberty|84\/100 par|[from] Stealth Rock\n|move|p2a: Clefable|Moonblast|p1a: Liberty\n|-resisted|p1a: Liberty\n|-damage|p1a: Liberty|71\/100 par\n|\n|-heal|p1a: Liberty|78\/100 par|[from] item: Leftovers\n|upkeep\n|turn|54\n|\n|switch|p2a: Rotom|Rotom-Heat|44\/100\n|cant|p1a: Liberty|par\n|\n|-heal|p1a: Liberty|84\/100 par|[from] item: Leftovers\n|upkeep\n|turn|55\n|\n|switch|p1a: Cassandra|Primarina, F|20\/100\n|-damage|p1a: Cassandra|8\/100|[from] Stealth Rock\n|move|p2a: Rotom|Toxic|p1a: Cassandra\n|-status|p1a: Cassandra|tox\n|\n|-heal|p1a: Cassandra|14\/100 tox|[from] item: Leftovers\n|-damage|p1a: Cassandra|8\/100 tox|[from] psn\n|upkeep\n|turn|56\n|\n|move|p2a: Rotom|Volt Switch|p1a: Cassandra\n|-supereffective|p1a: Cassandra\n|-damage|p1a: Cassandra|0 fnt\n|faint|p1a: Cassandra\n|\n|switch|p2a: Clefable|Clefable, F|77\/100|[from]move: Volt Switch\n|\n|upkeep\n|\n|switch|p1a: Liberty|Bronzong|84\/100 par\n|-damage|p1a: Liberty|78\/100 par|[from] Stealth Rock\n|turn|57\n|\n|switch|p1a: Armor 20|Kommo-o, M|46\/100\n|-damage|p1a: Armor 20|40\/100|[from] Stealth Rock\n|move|p2a: Clefable|Moonblast|p1a: Armor 20\n|-supereffective|p1a: Armor 20\n|-damage|p1a: Armor 20|0 fnt\n|faint|p1a: Armor 20\n|\n|upkeep\n|\n|switch|p1a: Smog Banks|Weezing-Galar, M|94\/100\n|-damage|p1a: Smog Banks|82\/100|[from] Stealth Rock\n|turn|58\n|\n|switch|p2a: Ferrothorn|Ferrothorn, M|82\/100\n|-damage|p2a: Ferrothorn|76\/100|[from] Stealth Rock\n|move|p1a: Smog Banks|Strange Steam|p2a: Ferrothorn\n|-resisted|p2a: Ferrothorn\n|-damage|p2a: Ferrothorn|62\/100\n|\n|-heal|p1a: Smog Banks|88\/100|[from] item: Leftovers\n|-heal|p2a: Ferrothorn|69\/100|[from] item: Leftovers\n|upkeep\n|turn|59\n|\n|move|p1a: Smog Banks|Will-O-Wisp|p2a: Ferrothorn|[miss]\n|-miss|p1a: Smog Banks|p2a: Ferrothorn\n|move|p2a: Ferrothorn|Leech Seed|p1a: Smog Banks\n|-start|p1a: Smog Banks|move: Leech Seed\n|\n|-heal|p1a: Smog Banks|94\/100|[from] item: Leftovers\n|-heal|p2a: Ferrothorn|75\/100|[from] item: Leftovers\n|-damage|p1a: Smog Banks|81\/100|[from] Leech Seed|[of] p2a: Ferrothorn\n|-heal|p2a: Ferrothorn|87\/100|[silent]\n|upkeep\n|turn|60\n|c|\u2606Proftreez|F\n|c|\u2606Proftreez|gg\n|-message|Proftreez forfeited.\n|\n|win|lord cube\n|l|\u2606Proftreez\n|raw|Proftreez's rating: 1771 &rarr; <strong>1744<\/strong><br \/>(-27 for losing)\n|raw|lord cube's rating: 1636 &rarr; <strong>1663<\/strong><br \/>(+27 for winning)\n|c|\u2606lord cube|im sorry\n|c|\u2606lord cube|gg\n","uploadtime":1587891443,"views":20,"p1id":"proftreez","p2id":"lordcube","formatid":"gen8ou","rating":1663,"private":0,"password":null}