{"id":"gen8ou-1571614535","p1":"romv","p2":"Maitredouard2","format":"gen8ou","log":"|j|\u2606romv\n|j|\u2606Maitredouard2\n|t:|1652179704\n|gametype|singles\n|player|p1|romv|benga|1584\n|player|p2|Maitredouard2|lance|1675\n|teamsize|p1|6\n|teamsize|p2|6\n|gen|8\n|tier|[Gen 8] OU\n|rated|\n|rule|Sleep Clause Mod: Limit one foe put to sleep\n|rule|Species Clause: Limit one of each Pok\u00e9mon\n|rule|OHKO Clause: OHKO moves are banned\n|rule|Evasion Moves Clause: Evasion moves are banned\n|rule|Endless Battle Clause: Forcing endless battles is banned\n|rule|HP Percentage Mod: HP is shown in percentages\n|rule|Dynamax Clause: You cannot dynamax\n|clearpoke\n|poke|p1|Ferrothorn, M|\n|poke|p1|Landorus-Therian, M|\n|poke|p1|Urshifu-*, F|\n|poke|p1|Heatran, F|\n|poke|p1|Dragonite, F|\n|poke|p1|Tapu Koko|\n|poke|p2|Mandibuzz, F|\n|poke|p2|Landorus-Therian, M|\n|poke|p2|Blissey, F|\n|poke|p2|Heatran, M|\n|poke|p2|Toxapex, F|\n|poke|p2|Tapu Lele|\n|teampreview\n|inactive|Battle timer is ON: inactive players will automatically lose when time's up. (requested by romv)\n|\n|t:|1652179720\n|start\n|switch|p1a: Landorus|Landorus-Therian, M|100\/100\n|switch|p2a: Tapu Lele|Tapu Lele|100\/100\n|-fieldstart|move: Psychic Terrain|[from] ability: Psychic Surge|[of] p2a: Tapu Lele\n|-ability|p1a: Landorus|Intimidate|boost\n|-unboost|p2a: Tapu Lele|atk|1\n|turn|1\n|\n|t:|1652179732\n|switch|p1a: Heatran|Heatran, F|100\/100\n|move|p2a: Tapu Lele|Psyshock|p1a: Heatran\n|-resisted|p1a: Heatran\n|-damage|p1a: Heatran|67\/100\n|\n|-heal|p1a: Heatran|73\/100|[from] item: Leftovers\n|upkeep\n|turn|2\n|j| bozo jeffery\n|\n|t:|1652179742\n|move|p2a: Tapu Lele|Psyshock|p1a: Heatran\n|-resisted|p1a: Heatran\n|-damage|p1a: Heatran|41\/100\n|move|p1a: Heatran|Toxic|p2a: Tapu Lele\n|-status|p2a: Tapu Lele|tox\n|\n|-heal|p1a: Heatran|47\/100|[from] item: Leftovers\n|-damage|p2a: Tapu Lele|94\/100 tox|[from] psn\n|upkeep\n|turn|3\n|\n|t:|1652179751\n|switch|p2a: Heatran|Heatran, M|100\/100\n|-item|p2a: Heatran|Air Balloon\n|switch|p1a: Ferrothorn|Ferrothorn, M|100\/100\n|\n|upkeep\n|turn|4\n|\n|t:|1652179762\n|switch|p1a: Urshifu|Urshifu-Rapid-Strike, F|100\/100\n|move|p2a: Heatran|Toxic|p1a: Urshifu\n|-status|p1a: Urshifu|tox\n|\n|-damage|p1a: Urshifu|94\/100 tox|[from] psn\n|upkeep\n|turn|5\n|\n|t:|1652179770\n|switch|p2a: Toxapex|Toxapex, F|100\/100\n|move|p1a: Urshifu|U-turn|p2a: Toxapex\n|-resisted|p2a: Toxapex\n|-damage|p2a: Toxapex|90\/100\n|-damage|p1a: Urshifu|78\/100 tox|[from] item: Rocky Helmet|[of] p2a: Toxapex\n|\n|t:|1652179790\n|switch|p1a: Tapu Koko|Tapu Koko|100\/100|[from]move: U-turn\n|-fieldstart|move: Electric Terrain|[from] ability: Electric Surge|[of] p1a: Tapu Koko\n|\n|upkeep\n|turn|6\n|\n|t:|1652179805\n|switch|p2a: Landorus|Landorus-Therian, M|100\/100\n|-ability|p2a: Landorus|Intimidate|boost\n|-unboost|p1a: Tapu Koko|atk|1\n|move|p1a: Tapu Koko|U-turn|p2a: Landorus\n|-resisted|p2a: Landorus\n|-damage|p2a: Landorus|94\/100\n|\n|t:|1652179808\n|switch|p1a: Urshifu|Urshifu-Rapid-Strike, F|78\/100 tox|[from]move: U-turn\n|\n|-damage|p1a: Urshifu|72\/100 tox|[from] psn\n|upkeep\n|turn|7\n|\n|t:|1652179818\n|switch|p2a: Toxapex|Toxapex, F|100\/100\n|move|p1a: Urshifu|U-turn|p2a: Toxapex\n|-resisted|p2a: Toxapex\n|-damage|p2a: Toxapex|90\/100\n|-damage|p1a: Urshifu|55\/100 tox|[from] item: Rocky Helmet|[of] p2a: Toxapex\n|\n|t:|1652179823\n|switch|p1a: Landorus|Landorus-Therian, M|100\/100|[from]move: U-turn\n|-ability|p1a: Landorus|Intimidate|boost\n|-unboost|p2a: Toxapex|atk|1\n|\n|upkeep\n|turn|8\n|\n|t:|1652179830\n|move|p1a: Landorus|Knock Off|p2a: Toxapex\n|-damage|p2a: Toxapex|72\/100\n|-damage|p1a: Landorus|84\/100|[from] item: Rocky Helmet|[of] p2a: Toxapex\n|-enditem|p2a: Toxapex|Rocky Helmet|[from] move: Knock Off|[of] p1a: Landorus\n|move|p2a: Toxapex|Scald|p1a: Landorus\n|-supereffective|p1a: Landorus\n|-damage|p1a: Landorus|46\/100\n|\n|-heal|p1a: Landorus|52\/100|[from] item: Leftovers\n|upkeep\n|turn|9\n|\n|t:|1652179840\n|move|p1a: Landorus|Stealth Rock|p2a: Toxapex\n|-sidestart|p2: Maitredouard2|move: Stealth Rock\n|move|p2a: Toxapex|Scald|p1a: Landorus\n|-supereffective|p1a: Landorus\n|-damage|p1a: Landorus|14\/100\n|-status|p1a: Landorus|brn\n|\n|-heal|p1a: Landorus|20\/100 brn|[from] item: Leftovers\n|-damage|p1a: Landorus|14\/100 brn|[from] brn\n|-fieldend|move: Electric Terrain\n|upkeep\n|turn|10\n|\n|t:|1652179850\n|move|p1a: Landorus|U-turn|p2a: Toxapex\n|-resisted|p2a: Toxapex\n|-crit|p2a: Toxapex\n|-damage|p2a: Toxapex|67\/100\n|\n|t:|1652179853\n|switch|p1a: Ferrothorn|Ferrothorn, M|100\/100|[from]move: U-turn\n|move|p2a: Toxapex|Scald|p1a: Ferrothorn\n|-resisted|p1a: Ferrothorn\n|-damage|p1a: Ferrothorn|94\/100\n|\n|-heal|p1a: Ferrothorn|99\/100|[from] item: Leftovers\n|upkeep\n|turn|11\n|\n|t:|1652179864\n|switch|p2a: Heatran|Heatran, M|100\/100\n|-damage|p2a: Heatran|88\/100|[from] Stealth Rock\n|-item|p2a: Heatran|Air Balloon\n|move|p1a: Ferrothorn|Leech Seed|p2a: Heatran\n|-start|p2a: Heatran|move: Leech Seed\n|\n|-heal|p1a: Ferrothorn|100\/100|[from] item: Leftovers\n|-damage|p2a: Heatran|76\/100|[from] Leech Seed|[of] p1a: Ferrothorn\n|upkeep\n|turn|12\n|\n|t:|1652179889\n|move|p2a: Heatran|Magma Storm|p1a: Ferrothorn|[miss]\n|-miss|p2a: Heatran|p1a: Ferrothorn\n|move|p1a: Ferrothorn|Body Press|p2a: Heatran\n|-supereffective|p2a: Heatran\n|-damage|p2a: Heatran|21\/100\n|-enditem|p2a: Heatran|Air Balloon\n|\n|-damage|p2a: Heatran|9\/100|[from] Leech Seed|[of] p1a: Ferrothorn\n|upkeep\n|turn|13\n|\n|t:|1652179899\n|switch|p1a: Heatran|Heatran, F|47\/100\n|move|p2a: Heatran|Magma Storm|p1a: Heatran\n|-start|p1a: Heatran|ability: Flash Fire\n|\n|-heal|p1a: Heatran|54\/100|[from] item: Leftovers\n|-damage|p2a: Heatran|0 fnt|[from] Leech Seed|[of] p1a: Heatran\n|-heal|p1a: Heatran|62\/100|[silent]\n|faint|p2a: Heatran\n|upkeep\n|\n|t:|1652179911\n|switch|p2a: Landorus|Landorus-Therian, M|94\/100\n|-damage|p2a: Landorus|81\/100|[from] Stealth Rock\n|-ability|p2a: Landorus|Intimidate|boost\n|-unboost|p1a: Heatran|atk|1\n|turn|14\n|\n|t:|1652179920\n|-end|p1a: Heatran|ability: Flash Fire|[silent]\n|switch|p1a: Landorus|Landorus-Therian, M|14\/100 brn\n|-ability|p1a: Landorus|Intimidate|boost\n|-unboost|p2a: Landorus|atk|1\n|move|p2a: Landorus|Earthquake|p1a: Landorus\n|-immune|p1a: Landorus\n|\n|-heal|p1a: Landorus|20\/100 brn|[from] item: Leftovers\n|-damage|p1a: Landorus|14\/100 brn|[from] brn\n|upkeep\n|turn|15\n|\n|t:|1652179931\n|switch|p2a: Toxapex|Toxapex, F|99\/100\n|-damage|p2a: Toxapex|88\/100|[from] Stealth Rock\n|move|p1a: Landorus|U-turn|p2a: Toxapex\n|-resisted|p2a: Toxapex\n|-damage|p2a: Toxapex|85\/100\n|\n|t:|1652179938\n|switch|p1a: Tapu Koko|Tapu Koko|100\/100|[from]move: U-turn\n|-fieldstart|move: Electric Terrain|[from] ability: Electric Surge|[of] p1a: Tapu Koko\n|\n|upkeep\n|turn|16\n|\n|t:|1652179945\n|move|p1a: Tapu Koko|U-turn|p2a: Toxapex\n|-resisted|p2a: Toxapex\n|-damage|p2a: Toxapex|80\/100\n|\n|t:|1652179968\n|switch|p1a: Ferrothorn|Ferrothorn, M|100\/100|[from]move: U-turn\n|move|p2a: Toxapex|Scald|p1a: Ferrothorn\n|-resisted|p1a: Ferrothorn\n|-damage|p1a: Ferrothorn|94\/100\n|\n|-heal|p1a: Ferrothorn|99\/100|[from] item: Leftovers\n|upkeep\n|turn|17\n|\n|t:|1652179980\n|switch|p1a: Tapu Koko|Tapu Koko|100\/100\n|move|p2a: Toxapex|Scald|p1a: Tapu Koko\n|-damage|p1a: Tapu Koko|72\/100\n|-status|p1a: Tapu Koko|brn\n|\n|-damage|p1a: Tapu Koko|66\/100 brn|[from] brn\n|upkeep\n|turn|18\n|\n|t:|1652179990\n|switch|p2a: Blissey|Blissey, F|100\/100\n|move|p1a: Tapu Koko|U-turn|p2a: Blissey\n|-damage|p2a: Blissey|93\/100\n|\n|t:|1652179994\n|switch|p1a: Heatran|Heatran, F|62\/100|[from]move: U-turn\n|\n|-heal|p1a: Heatran|68\/100|[from] item: Leftovers\n|upkeep\n|turn|19\n|\n|t:|1652180000\n|move|p1a: Heatran|Magma Storm|p2a: Blissey\n|-damage|p2a: Blissey|78\/100\n|-activate|p2a: Blissey|move: Magma Storm|[of] p1a: Heatran\n|move|p2a: Blissey|Seismic Toss|p1a: Heatran\n|-damage|p1a: Heatran|42\/100\n|\n|-heal|p1a: Heatran|48\/100|[from] item: Leftovers\n|-damage|p2a: Blissey|66\/100|[from] move: Magma Storm|[partiallytrapped]\n|-fieldend|move: Electric Terrain\n|upkeep\n|turn|20\n|\n|t:|1652180010\n|move|p1a: Heatran|Taunt|p2a: Blissey\n|-start|p2a: Blissey|move: Taunt\n|move|p2a: Blissey|Seismic Toss|p1a: Heatran\n|-damage|p1a: Heatran|23\/100\n|\n|-heal|p1a: Heatran|29\/100|[from] item: Leftovers\n|-damage|p2a: Blissey|53\/100|[from] move: Magma Storm|[partiallytrapped]\n|upkeep\n|turn|21\n|\n|t:|1652180019\n|move|p1a: Heatran|Toxic|p2a: Blissey|[miss]\n|-miss|p1a: Heatran|p2a: Blissey\n|move|p2a: Blissey|Seismic Toss|p1a: Heatran\n|-damage|p1a: Heatran|3\/100\n|\n|-heal|p1a: Heatran|9\/100|[from] item: Leftovers\n|-damage|p2a: Blissey|41\/100|[from] move: Magma Storm|[partiallytrapped]\n|upkeep\n|turn|22\n|\n|t:|1652180028\n|move|p1a: Heatran|Magma Storm|p2a: Blissey\n|-damage|p2a: Blissey|24\/100\n|move|p2a: Blissey|Seismic Toss|p1a: Heatran\n|-damage|p1a: Heatran|0 fnt\n|faint|p1a: Heatran\n|\n|-end|p2a: Blissey|Magma Storm|[partiallytrapped]|[silent]\n|-end|p2a: Blissey|move: Taunt\n|upkeep\n|\n|t:|1652180037\n|switch|p1a: Landorus|Landorus-Therian, M|14\/100 brn\n|-ability|p1a: Landorus|Intimidate|boost\n|-unboost|p2a: Blissey|atk|1\n|turn|23\n|\n|t:|1652180042\n|move|p1a: Landorus|Knock Off|p2a: Blissey\n|-damage|p2a: Blissey|12\/100\n|-enditem|p2a: Blissey|Heavy-Duty Boots|[from] move: Knock Off|[of] p1a: Landorus\n|move|p2a: Blissey|Soft-Boiled|p2a: Blissey\n|-heal|p2a: Blissey|62\/100\n|\n|-heal|p1a: Landorus|20\/100 brn|[from] item: Leftovers\n|-damage|p1a: Landorus|14\/100 brn|[from] brn\n|upkeep\n|turn|24\n|\n|t:|1652180052\n|move|p1a: Landorus|U-turn|p2a: Blissey\n|-damage|p2a: Blissey|52\/100\n|\n|t:|1652180055\n|switch|p1a: Urshifu|Urshifu-Rapid-Strike, F|55\/100 tox|[from]move: U-turn\n|move|p2a: Blissey|Soft-Boiled|p2a: Blissey\n|-heal|p2a: Blissey|100\/100\n|\n|-damage|p1a: Urshifu|49\/100 tox|[from] psn\n|upkeep\n|turn|25\n|\n|t:|1652180064\n|move|p1a: Urshifu|U-turn|p2a: Blissey\n|-damage|p2a: Blissey|68\/100\n|\n|t:|1652180066\n|switch|p1a: Ferrothorn|Ferrothorn, M|99\/100|[from]move: U-turn\n|move|p2a: Blissey|Seismic Toss|p1a: Ferrothorn\n|-damage|p1a: Ferrothorn|72\/100\n|-damage|p2a: Blissey|56\/100|[from] ability: Iron Barbs|[of] p1a: Ferrothorn\n|\n|-heal|p1a: Ferrothorn|78\/100|[from] item: Leftovers\n|upkeep\n|turn|26\n|\n|t:|1652180077\n|move|p1a: Ferrothorn|Leech Seed|p2a: Blissey\n|-start|p2a: Blissey|move: Leech Seed\n|move|p2a: Blissey|Teleport|p2a: Blissey\n|\n|t:|1652180080\n|switch|p2a: Tapu Lele|Tapu Lele|94\/100 tox|[from]move: Teleport\n|-damage|p2a: Tapu Lele|82\/100 tox|[from] Stealth Rock\n|-fieldstart|move: Psychic Terrain|[from] ability: Psychic Surge|[of] p2a: Tapu Lele\n|\n|-heal|p1a: Ferrothorn|84\/100|[from] item: Leftovers\n|-damage|p2a: Tapu Lele|76\/100 tox|[from] psn\n|upkeep\n|turn|27\n|\n|t:|1652180090\n|switch|p1a: Landorus|Landorus-Therian, M|14\/100 brn\n|-ability|p1a: Landorus|Intimidate|boost\n|-unboost|p2a: Tapu Lele|atk|1\n|move|p2a: Tapu Lele|Focus Blast|p1a: Landorus\n|-resisted|p1a: Landorus\n|-damage|p1a: Landorus|0 fnt\n|faint|p1a: Landorus\n|\n|-damage|p2a: Tapu Lele|64\/100 tox|[from] psn\n|upkeep\n|\n|t:|1652180094\n|switch|p1a: Dragonite|Dragonite, F|100\/100\n|turn|28\n|\n|t:|1652180103\n|switch|p2a: Mandibuzz|Mandibuzz, F|100\/100\n|move|p1a: Dragonite|Dragon Dance|p1a: Dragonite\n|-boost|p1a: Dragonite|atk|1\n|-boost|p1a: Dragonite|spe|1\n|\n|upkeep\n|turn|29\n|\n|t:|1652180110\n|move|p1a: Dragonite|Dragon Dance|p1a: Dragonite\n|-boost|p1a: Dragonite|atk|1\n|-boost|p1a: Dragonite|spe|1\n|move|p2a: Mandibuzz|Toxic|p1a: Dragonite\n|-status|p1a: Dragonite|tox\n|\n|-damage|p1a: Dragonite|94\/100 tox|[from] psn\n|upkeep\n|turn|30\n|\n|t:|1652180118\n|move|p1a: Dragonite|Dual Wingbeat|p2a: Mandibuzz\n|-damage|p2a: Mandibuzz|67\/100\n|-damage|p2a: Mandibuzz|37\/100\n|-hitcount|p2a: Mandibuzz|2\n|move|p2a: Mandibuzz|Foul Play|p1a: Dragonite\n|-damage|p1a: Dragonite|0 fnt\n|faint|p1a: Dragonite\n|\n|-fieldend|move: Psychic Terrain\n|upkeep\n|\n|t:|1652180129\n|switch|p1a: Tapu Koko|Tapu Koko|66\/100 brn\n|-fieldstart|move: Electric Terrain|[from] ability: Electric Surge|[of] p1a: Tapu Koko\n|turn|31\n|\n|t:|1652180136\n|switch|p2a: Landorus|Landorus-Therian, M|81\/100\n|-damage|p2a: Landorus|69\/100|[from] Stealth Rock\n|-ability|p2a: Landorus|Intimidate|boost\n|-unboost|p1a: Tapu Koko|atk|1\n|move|p1a: Tapu Koko|Dazzling Gleam|p2a: Landorus\n|-damage|p2a: Landorus|7\/100\n|\n|-damage|p1a: Tapu Koko|60\/100 brn|[from] brn\n|upkeep\n|turn|32\n|\n|t:|1652180146\n|move|p2a: Landorus|Earthquake|p1a: Tapu Koko\n|-supereffective|p1a: Tapu Koko\n|-damage|p1a: Tapu Koko|0 fnt\n|faint|p1a: Tapu Koko\n|\n|upkeep\n|\n|t:|1652180151\n|switch|p1a: Urshifu|Urshifu-Rapid-Strike, F|49\/100 tox\n|turn|33\n|\n|t:|1652180155\n|move|p2a: Landorus|Earthquake|p1a: Urshifu\n|-damage|p1a: Urshifu|0 fnt\n|faint|p1a: Urshifu\n|\n|upkeep\n|\n|t:|1652180157\n|switch|p1a: Ferrothorn|Ferrothorn, M|84\/100\n|turn|34\n|-message|romv forfeited.\n|\n|win|Maitredouard2\n|raw|romv's rating: 1584 &rarr; <strong>1569<\/strong><br \/>(-15 for losing)\n|raw|Maitredouard2's rating: 1675 &rarr; <strong>1690<\/strong><br \/>(+15 for winning)\n|l|\u2606romv\n|l| bozo jeffery\n|l|\u2606Maitredouard2\n","uploadtime":1652180340,"views":14,"p1id":"romv","p2id":"maitredouard2","formatid":"gen8ou","rating":1569,"private":0,"password":null}