{"id":"gen8ou-1690329010","p1":"HQSFun","p2":"Kownish","format":"gen8ou","log":"|html|<div class=\"broadcast-blue\"><strong>[Gen 8] OU is currently suspecting Melmetal! For information on how to participate check out the <a href=\"https:\/\/www.smogon.com\/forums\/threads\/np-ss-ou-suspect-process-round-12-monster-mash.3709234\/\">suspect thread<\/a>.<\/strong><\/div>\n|j|\u2606HQSFun\n|j|\u2606Kownish\n|t:|1666267041\n|gametype|singles\n|player|p1|HQSFun|veteranf|1780\n|player|p2|Kownish|wattson|1739\n|teamsize|p1|6\n|teamsize|p2|6\n|gen|8\n|tier|[Gen 8] OU\n|rated|\n|rule|Sleep Clause Mod: Limit one foe put to sleep\n|rule|Species Clause: Limit one of each Pok\u00e9mon\n|rule|OHKO Clause: OHKO moves are banned\n|rule|Evasion Items Clause: Evasion items are banned\n|rule|Evasion Moves Clause: Evasion moves are banned\n|rule|Endless Battle Clause: Forcing endless battles is banned\n|rule|HP Percentage Mod: HP is shown in percentages\n|rule|Dynamax Clause: You cannot dynamax\n|clearpoke\n|poke|p1|Dragapult, F|\n|poke|p1|Weavile, F|\n|poke|p1|Rillaboom, M|\n|poke|p1|Nihilego|\n|poke|p1|Garchomp, M|\n|poke|p1|Celesteela|\n|poke|p2|Latios, M|\n|poke|p2|Dragapult, F|\n|poke|p2|Heatran, M|\n|poke|p2|Landorus-Therian, M|\n|poke|p2|Melmetal|\n|poke|p2|Urshifu-*, F|\n|teampreview\n|inactive|Battle timer is ON: inactive players will automatically lose when time's up. (requested by Kownish)\n|j| Palladiawa A\n|\n|t:|1666267062\n|start\n|switch|p1a: Garchomp|Garchomp, M|100\/100\n|switch|p2a: Heatran|Heatran, M|100\/100\n|turn|1\n|\n|t:|1666267068\n|switch|p2a: Dogo|Landorus-Therian, M, shiny|100\/100\n|-ability|p2a: Dogo|Intimidate|boost\n|-unboost|p1a: Garchomp|atk|1\n|move|p1a: Garchomp|Stealth Rock|p2a: Dogo\n|-sidestart|p2: Kownish|move: Stealth Rock\n|\n|upkeep\n|turn|2\n|\n|t:|1666267071\n|move|p1a: Garchomp|Swords Dance|p1a: Garchomp\n|-boost|p1a: Garchomp|atk|2\n|move|p2a: Dogo|Toxic|p1a: Garchomp|[miss]\n|-miss|p2a: Dogo|p1a: Garchomp\n|\n|upkeep\n|turn|3\n|\n|t:|1666267077\n|move|p1a: Garchomp|Swords Dance|p1a: Garchomp\n|-boost|p1a: Garchomp|atk|2\n|move|p2a: Dogo|Earthquake|p1a: Garchomp\n|-damage|p1a: Garchomp|54\/100\n|\n|-heal|p1a: Garchomp|60\/100|[from] item: Leftovers\n|upkeep\n|turn|4\n|\n|t:|1666267089\n|move|p1a: Garchomp|Scale Shot|p2a: Dogo\n|-damage|p2a: Dogo|71\/100\n|-damage|p2a: Dogo|36\/100\n|-damage|p2a: Dogo|4\/100\n|-damage|p2a: Dogo|0 fnt\n|faint|p2a: Dogo\n|-hitcount|p2: Dogo|4\n|-unboost|p1a: Garchomp|def|1\n|-boost|p1a: Garchomp|spe|1\n|\n|-heal|p1a: Garchomp|67\/100|[from] item: Leftovers\n|upkeep\n|\n|t:|1666267098\n|switch|p2a: Urshifu|Urshifu-Rapid-Strike, F|100\/100\n|-damage|p2a: Urshifu|94\/100|[from] Stealth Rock\n|turn|5\n|\n|t:|1666267101\n|move|p2a: Urshifu|Aqua Jet|p1a: Garchomp\n|-damage|p1a: Garchomp|21\/100\n|-damage|p2a: Urshifu|82\/100|[from] ability: Rough Skin|[of] p1a: Garchomp\n|move|p1a: Garchomp|Earthquake|p2a: Urshifu\n|-damage|p2a: Urshifu|0 fnt\n|faint|p2a: Urshifu\n|\n|-heal|p1a: Garchomp|27\/100|[from] item: Leftovers\n|upkeep\n|\n|t:|1666267107\n|switch|p2a: Latios|Latios, M|100\/100\n|-damage|p2a: Latios|88\/100|[from] Stealth Rock\n|turn|6\n|\n|t:|1666267109\n|move|p1a: Garchomp|Scale Shot|p2a: Latios\n|-supereffective|p2a: Latios\n|-damage|p2a: Latios|2\/100\n|-supereffective|p2a: Latios\n|-damage|p2a: Latios|0 fnt\n|faint|p2a: Latios\n|-hitcount|p2: Latios|2\n|-unboost|p1a: Garchomp|def|1\n|-boost|p1a: Garchomp|spe|1\n|\n|-heal|p1a: Garchomp|34\/100|[from] item: Leftovers\n|upkeep\n|\n|t:|1666267111\n|switch|p2a: Dragapult|Dragapult, F|100\/100\n|-damage|p2a: Dragapult|88\/100|[from] Stealth Rock\n|turn|7\n|\n|t:|1666267113\n|move|p1a: Garchomp|Scale Shot|p2a: Dragapult\n|-supereffective|p2a: Dragapult\n|-crit|p2a: Dragapult\n|-damage|p2a: Dragapult|0 fnt\n|faint|p2a: Dragapult\n|-hitcount|p2: Dragapult|1\n|-unboost|p1a: Garchomp|def|1\n|-boost|p1a: Garchomp|spe|1\n|\n|-heal|p1a: Garchomp|40\/100|[from] item: Leftovers\n|upkeep\n|-message|Kownish forfeited.\n|\n|win|HQSFun\n|raw|HQSFun's rating: 1780 &rarr; <strong>1798<\/strong><br \/>(+18 for winning)\n|raw|Kownish's rating: 1739 &rarr; <strong>1721<\/strong><br \/>(-18 for losing)\n|l|\u2606Kownish\n|l|\u2606HQSFun\n","uploadtime":1666267117,"views":28,"p1id":"hqsfun","p2id":"kownish","formatid":"gen8ou","rating":1721,"private":0,"password":null}