{"id":"gen8ou-1258728845","p1":"IM AT MY LIMIT","p2":"BillyTheFlash","format":"gen8ou","log":"|html|<div class=\"broadcast-blue\"><strong>[Gen 8] OU is currently suspecting Urshifu-S! For information on how to participate check out the <a href=\"https:\/\/www.smogon.com\/forums\/threads\/np-ss-ou-suspect-process-round-8-aint-no-rest-for-the-wicked.3675310\/\">suspect thread<\/a>.<\/strong><\/div>\n|j|\u2606IM AT MY LIMIT\n|j|\u2606BillyTheFlash\n|t:|1610167548\n|player|p1|IM AT MY LIMIT|hilda|\n|player|p2|BillyTheFlash|hiker-gen4|\n|teamsize|p1|6\n|teamsize|p2|6\n|gametype|singles\n|gen|8\n|tier|[Gen 8] OU\n|clearpoke\n|poke|p1|Pelipper, M|\n|poke|p1|Ferrothorn, M|\n|poke|p1|Seismitoad, M|\n|poke|p1|Zapdos|\n|poke|p1|Barraskewda, F|\n|poke|p1|Clefable, M|\n|poke|p2|Skarmory, M|\n|poke|p2|Tangrowth, F|\n|poke|p2|Hippowdon, F|\n|poke|p2|Blissey, F|\n|poke|p2|Corviknight, M|\n|poke|p2|Toxapex, F|\n|rule|Sleep Clause Mod: Limit one foe put to sleep\n|rule|Species Clause: Limit one of each Pok\u00e9mon\n|rule|OHKO Clause: OHKO moves are banned\n|rule|Evasion Moves Clause: Evasion moves are banned\n|rule|Endless Battle Clause: Forcing endless battles is banned\n|rule|HP Percentage Mod: HP is shown in percentages\n|rule|Dynamax Clause: You cannot dynamax\n|teampreview\n|inactive|Battle timer is ON: inactive players will automatically lose when time's up. (requested by IM AT MY LIMIT)\n|\n|t:|1610167568\n|start\n|switch|p1a: \ud83d\ude2c\ud83d\ude2c\ud83d\ude2c|Pelipper, M, shiny|100\/100\n|switch|p2a: British yuck|Toxapex, F|100\/100\n|-weather|RainDance|[from] ability: Drizzle|[of] p1a: \ud83d\ude2c\ud83d\ude2c\ud83d\ude2c\n|turn|1\n|\n|t:|1610167579\n|move|p1a: \ud83d\ude2c\ud83d\ude2c\ud83d\ude2c|U-turn|p2a: British yuck\n|-resisted|p2a: British yuck\n|-damage|p2a: British yuck|98\/100\n|-damage|p1a: \ud83d\ude2c\ud83d\ude2c\ud83d\ude2c|84\/100|[from] item: Rocky Helmet|[of] p2a: British yuck\n|\n|t:|1610167583\n|switch|p1a: \ud83e\udd30\ud83e\udd30\ud83e\udd30|Zapdos, shiny|100\/100|[from]move: U-turn\n|move|p2a: British yuck|Toxic Spikes|p1a: \ud83e\udd30\ud83e\udd30\ud83e\udd30\n|-sidestart|p1: IM AT MY LIMIT|move: Toxic Spikes\n|\n|-weather|RainDance|[upkeep]\n|upkeep\n|turn|2\n|\n|t:|1610167592\n|switch|p2a: Tekeshi|Hippowdon, F|100\/100\n|-weather|Sandstorm|[from] ability: Sand Stream|[of] p2a: Tekeshi\n|move|p1a: \ud83e\udd30\ud83e\udd30\ud83e\udd30|Hurricane|p2a: Tekeshi\n|-damage|p2a: Tekeshi|60\/100\n|-start|p2a: Tekeshi|confusion\n|\n|-weather|Sandstorm|[upkeep]\n|-damage|p1a: \ud83e\udd30\ud83e\udd30\ud83e\udd30|94\/100|[from] Sandstorm\n|-heal|p2a: Tekeshi|66\/100|[from] item: Leftovers\n|upkeep\n|turn|3\n|\n|t:|1610167601\n|switch|p1a: \ud83d\udcab\ud83d\udcab\ud83d\udcab|Clefable, M, shiny|100\/100\n|-status|p1a: \ud83d\udcab\ud83d\udcab\ud83d\udcab|psn\n|-activate|p2a: Tekeshi|confusion\n|move|p2a: Tekeshi|Toxic||[still]\n|-fail|p2a: Tekeshi\n|\n|-weather|Sandstorm|[upkeep]\n|-heal|p2a: Tekeshi|72\/100|[from] item: Leftovers\n|upkeep\n|turn|4\n|\n|t:|1610167606\n|move|p1a: \ud83d\udcab\ud83d\udcab\ud83d\udcab|Stealth Rock|p2a: Tekeshi\n|-sidestart|p2: BillyTheFlash|move: Stealth Rock\n|-activate|p2a: Tekeshi|confusion\n|move|p2a: Tekeshi|Slack Off|p2a: Tekeshi\n|-heal|p2a: Tekeshi|100\/100\n|\n|-weather|Sandstorm|[upkeep]\n|upkeep\n|turn|5\n|\n|t:|1610167613\n|move|p1a: \ud83d\udcab\ud83d\udcab\ud83d\udcab|Wish|p1a: \ud83d\udcab\ud83d\udcab\ud83d\udcab\n|-end|p2a: Tekeshi|confusion\n|move|p2a: Tekeshi|Stealth Rock|p1a: \ud83d\udcab\ud83d\udcab\ud83d\udcab\n|-sidestart|p1: IM AT MY LIMIT|move: Stealth Rock\n|\n|-weather|Sandstorm|[upkeep]\n|upkeep\n|turn|6\n|\n|t:|1610167625\n|switch|p1a: \ud83e\udd17\ud83e\udd17\ud83e\udd17|Ferrothorn, M, shiny|100\/100\n|-damage|p1a: \ud83e\udd17\ud83e\udd17\ud83e\udd17|94\/100|[from] Stealth Rock\n|move|p2a: Tekeshi|Toxic|p1a: \ud83e\udd17\ud83e\udd17\ud83e\udd17\n|-immune|p1a: \ud83e\udd17\ud83e\udd17\ud83e\udd17\n|\n|-weather|none\n|-heal|p1a: \ud83e\udd17\ud83e\udd17\ud83e\udd17|100\/100|[from] move: Wish|[wisher] \ud83d\udcab\ud83d\udcab\ud83d\udcab\n|upkeep\n|turn|7\n|\n|t:|1610167636\n|switch|p2a: British yuck|Toxapex, F|100\/100\n|-damage|p2a: British yuck|88\/100|[from] Stealth Rock\n|move|p1a: \ud83e\udd17\ud83e\udd17\ud83e\udd17|Spikes|p2a: British yuck\n|-sidestart|p2: BillyTheFlash|Spikes\n|\n|upkeep\n|turn|8\n|\n|t:|1610167648\n|move|p2a: British yuck|Toxic Spikes|p1a: \ud83e\udd17\ud83e\udd17\ud83e\udd17\n|-sidestart|p1: IM AT MY LIMIT|move: Toxic Spikes\n|move|p1a: \ud83e\udd17\ud83e\udd17\ud83e\udd17|Leech Seed|p2a: British yuck\n|-start|p2a: British yuck|move: Leech Seed\n|\n|-damage|p2a: British yuck|75\/100|[from] Leech Seed|[of] p1a: \ud83e\udd17\ud83e\udd17\ud83e\udd17\n|upkeep\n|turn|9\n|\n|t:|1610167656\n|switch|p2a: The lovable|Skarmory, M|100\/100\n|-damage|p2a: The lovable|88\/100|[from] Stealth Rock\n|move|p1a: \ud83e\udd17\ud83e\udd17\ud83e\udd17|Spikes|p2a: The lovable\n|-sidestart|p2: BillyTheFlash|Spikes\n|\n|upkeep\n|turn|10\n|\n|t:|1610167663\n|switch|p1a: \ud83e\udd30\ud83e\udd30\ud83e\udd30|Zapdos, shiny|94\/100\n|move|p2a: The lovable|Whirlwind|p1a: \ud83e\udd30\ud83e\udd30\ud83e\udd30\n|drag|p1a: \ud83d\udc83\ud83d\udc83\ud83d\udc83|Seismitoad, M, shiny|100\/100\n|-damage|p1a: \ud83d\udc83\ud83d\udc83\ud83d\udc83|95\/100|[from] Stealth Rock\n|-status|p1a: \ud83d\udc83\ud83d\udc83\ud83d\udc83|tox\n|\n|-damage|p1a: \ud83d\udc83\ud83d\udc83\ud83d\udc83|89\/100 tox|[from] psn\n|upkeep\n|turn|11\n|\n|t:|1610167675\n|move|p1a: \ud83d\udc83\ud83d\udc83\ud83d\udc83|Knock Off|p2a: The lovable\n|-damage|p2a: The lovable|72\/100\n|-damage|p1a: \ud83d\udc83\ud83d\udc83\ud83d\udc83|72\/100 tox|[from] item: Rocky Helmet|[of] p2a: The lovable\n|-enditem|p2a: The lovable|Rocky Helmet|[from] move: Knock Off|[of] p1a: \ud83d\udc83\ud83d\udc83\ud83d\udc83\n|-damage|p1a: \ud83d\udc83\ud83d\udc83\ud83d\udc83|62\/100 tox|[from] item: Life Orb\n|move|p2a: The lovable|Whirlwind|p1a: \ud83d\udc83\ud83d\udc83\ud83d\udc83\n|drag|p1a: \ud83d\udcab\ud83d\udcab\ud83d\udcab|Clefable, M, shiny|100\/100 psn\n|\n|upkeep\n|turn|12\n|\n|t:|1610167688\n|move|p1a: \ud83d\udcab\ud83d\udcab\ud83d\udcab|Wish|p1a: \ud83d\udcab\ud83d\udcab\ud83d\udcab\n|move|p2a: The lovable|Whirlwind|p1a: \ud83d\udcab\ud83d\udcab\ud83d\udcab\n|drag|p1a: \ud83e\udd17\ud83e\udd17\ud83e\udd17|Ferrothorn, M, shiny|100\/100\n|-damage|p1a: \ud83e\udd17\ud83e\udd17\ud83e\udd17|94\/100|[from] Stealth Rock\n|\n|-heal|p1a: \ud83e\udd17\ud83e\udd17\ud83e\udd17|100\/100|[from] item: Leftovers\n|upkeep\n|turn|13\n|\n|t:|1610167693\n|move|p1a: \ud83e\udd17\ud83e\udd17\ud83e\udd17|Leech Seed|p2a: The lovable\n|-start|p2a: The lovable|move: Leech Seed\n|move|p2a: The lovable|Whirlwind|p1a: \ud83e\udd17\ud83e\udd17\ud83e\udd17\n|drag|p1a: \ud83d\udc83\ud83d\udc83\ud83d\udc83|Seismitoad, M, shiny|62\/100 tox\n|-damage|p1a: \ud83d\udc83\ud83d\udc83\ud83d\udc83|56\/100 tox|[from] Stealth Rock\n|\n|-heal|p1a: \ud83d\udc83\ud83d\udc83\ud83d\udc83|100\/100 tox|[from] move: Wish|[wisher] \ud83d\udcab\ud83d\udcab\ud83d\udcab\n|-damage|p2a: The lovable|60\/100|[from] Leech Seed|[of] p1a: \ud83d\udc83\ud83d\udc83\ud83d\udc83\n|-damage|p1a: \ud83d\udc83\ud83d\udc83\ud83d\udc83|95\/100 tox|[from] psn\n|upkeep\n|turn|14\n|\n|t:|1610167705\n|move|p1a: \ud83d\udc83\ud83d\udc83\ud83d\udc83|Knock Off|p2a: The lovable\n|-damage|p2a: The lovable|49\/100\n|-damage|p1a: \ud83d\udc83\ud83d\udc83\ud83d\udc83|85\/100 tox|[from] item: Life Orb\n|move|p2a: The lovable|Roost|p2a: The lovable\n|-heal|p2a: The lovable|99\/100\n|-singleturn|p2a: The lovable|move: Roost\n|\n|-damage|p2a: The lovable|86\/100|[from] Leech Seed|[of] p1a: \ud83d\udc83\ud83d\udc83\ud83d\udc83\n|-heal|p1a: \ud83d\udc83\ud83d\udc83\ud83d\udc83|96\/100 tox|[silent]\n|-damage|p1a: \ud83d\udc83\ud83d\udc83\ud83d\udc83|84\/100 tox|[from] psn\n|upkeep\n|turn|15\n|\n|t:|1610167712\n|switch|p1a: \ud83e\udd30\ud83e\udd30\ud83e\udd30|Zapdos, shiny|94\/100\n|move|p2a: The lovable|Whirlwind|p1a: \ud83e\udd30\ud83e\udd30\ud83e\udd30\n|drag|p1a: \ud83e\udd17\ud83e\udd17\ud83e\udd17|Ferrothorn, M, shiny|100\/100\n|-damage|p1a: \ud83e\udd17\ud83e\udd17\ud83e\udd17|94\/100|[from] Stealth Rock\n|\n|-heal|p1a: \ud83e\udd17\ud83e\udd17\ud83e\udd17|100\/100|[from] item: Leftovers\n|-damage|p2a: The lovable|74\/100|[from] Leech Seed|[of] p1a: \ud83e\udd17\ud83e\udd17\ud83e\udd17\n|upkeep\n|turn|16\n|\n|t:|1610167719\n|move|p2a: The lovable|Body Press|p1a: \ud83e\udd17\ud83e\udd17\ud83e\udd17\n|-supereffective|p1a: \ud83e\udd17\ud83e\udd17\ud83e\udd17\n|-damage|p1a: \ud83e\udd17\ud83e\udd17\ud83e\udd17|63\/100\n|-damage|p2a: The lovable|62\/100|[from] ability: Iron Barbs|[of] p1a: \ud83e\udd17\ud83e\udd17\ud83e\udd17\n|move|p1a: \ud83e\udd17\ud83e\udd17\ud83e\udd17|Spikes|p2a: The lovable\n|-sidestart|p2: BillyTheFlash|Spikes\n|\n|-heal|p1a: \ud83e\udd17\ud83e\udd17\ud83e\udd17|69\/100|[from] item: Leftovers\n|-damage|p2a: The lovable|50\/100|[from] Leech Seed|[of] p1a: \ud83e\udd17\ud83e\udd17\ud83e\udd17\n|-heal|p1a: \ud83e\udd17\ud83e\udd17\ud83e\udd17|81\/100|[silent]\n|upkeep\n|turn|17\n|\n|t:|1610167723\n|switch|p1a: \ud83e\udd30\ud83e\udd30\ud83e\udd30|Zapdos, shiny|94\/100\n|move|p2a: The lovable|Roost|p2a: The lovable\n|-heal|p2a: The lovable|99\/100\n|-singleturn|p2a: The lovable|move: Roost\n|\n|-damage|p2a: The lovable|87\/100|[from] Leech Seed|[of] p1a: \ud83e\udd30\ud83e\udd30\ud83e\udd30\n|-heal|p1a: \ud83e\udd30\ud83e\udd30\ud83e\udd30|100\/100|[silent]\n|upkeep\n|turn|18\n|\n|t:|1610167734\n|switch|p2a: Tekeshi|Hippowdon, F|100\/100\n|-damage|p2a: Tekeshi|94\/100|[from] Stealth Rock\n|-damage|p2a: Tekeshi|69\/100|[from] Spikes\n|-weather|Sandstorm|[from] ability: Sand Stream|[of] p2a: Tekeshi\n|move|p1a: \ud83e\udd30\ud83e\udd30\ud83e\udd30|Hurricane|p2a: Tekeshi\n|-damage|p2a: Tekeshi|29\/100\n|\n|-weather|Sandstorm|[upkeep]\n|-damage|p1a: \ud83e\udd30\ud83e\udd30\ud83e\udd30|94\/100|[from] Sandstorm\n|-heal|p2a: Tekeshi|35\/100|[from] item: Leftovers\n|upkeep\n|turn|19\n|\n|t:|1610167745\n|switch|p2a: Fatass|Blissey, F|100\/100\n|move|p1a: \ud83e\udd30\ud83e\udd30\ud83e\udd30|Hurricane|p2a: Fatass\n|-damage|p2a: Fatass|81\/100\n|-start|p2a: Fatass|confusion\n|\n|-weather|Sandstorm|[upkeep]\n|-damage|p1a: \ud83e\udd30\ud83e\udd30\ud83e\udd30|88\/100|[from] Sandstorm\n|-damage|p2a: Fatass|75\/100|[from] Sandstorm\n|upkeep\n|turn|20\n|\n|t:|1610167755\n|move|p1a: \ud83e\udd30\ud83e\udd30\ud83e\udd30|Volt Switch|p2a: Fatass\n|-damage|p2a: Fatass|61\/100\n|\n|t:|1610167757\n|switch|p1a: \ud83d\udcab\ud83d\udcab\ud83d\udcab|Clefable, M, shiny|100\/100 psn|[from]move: Volt Switch\n|-activate|p2a: Fatass|confusion\n|move|p2a: Fatass|Teleport|p2a: Fatass\n|\n|t:|1610167761\n|switch|p2a: Uhh rilaboom|Corviknight, M|100\/100|[from]move: Teleport\n|-damage|p2a: Uhh rilaboom|88\/100|[from] Stealth Rock\n|-ability|p2a: Uhh rilaboom|Pressure\n|\n|-weather|Sandstorm|[upkeep]\n|-heal|p2a: Uhh rilaboom|94\/100|[from] item: Leftovers\n|upkeep\n|turn|21\n|\n|t:|1610167767\n|move|p2a: Uhh rilaboom|Defog|p1a: \ud83d\udcab\ud83d\udcab\ud83d\udcab\n|-unboost|p1a: \ud83d\udcab\ud83d\udcab\ud83d\udcab|evasion|1\n|-sideend|p1: IM AT MY LIMIT|Toxic Spikes|[from] move: Defog|[of] p2a: Uhh rilaboom\n|-sideend|p1: IM AT MY LIMIT|Stealth Rock|[from] move: Defog|[of] p2a: Uhh rilaboom\n|-sideend|p2: BillyTheFlash|Spikes|[from] move: Defog|[of] p2a: Uhh rilaboom\n|-sideend|p2: BillyTheFlash|Stealth Rock|[from] move: Defog|[of] p2a: Uhh rilaboom\n|move|p1a: \ud83d\udcab\ud83d\udcab\ud83d\udcab|Stealth Rock|p2a: Uhh rilaboom\n|-sidestart|p2: BillyTheFlash|move: Stealth Rock\n|\n|-weather|Sandstorm|[upkeep]\n|-heal|p2a: Uhh rilaboom|100\/100|[from] item: Leftovers\n|upkeep\n|turn|22\n|\n|t:|1610167777\n|move|p2a: Uhh rilaboom|U-turn|p1a: \ud83d\udcab\ud83d\udcab\ud83d\udcab\n|-resisted|p1a: \ud83d\udcab\ud83d\udcab\ud83d\udcab\n|-damage|p1a: \ud83d\udcab\ud83d\udcab\ud83d\udcab|94\/100 psn\n|\n|t:|1610167781\n|switch|p2a: Tekeshi|Hippowdon, F|35\/100|[from]move: U-turn\n|-damage|p2a: Tekeshi|29\/100|[from] Stealth Rock\n|move|p1a: \ud83d\udcab\ud83d\udcab\ud83d\udcab|Wish|p1a: \ud83d\udcab\ud83d\udcab\ud83d\udcab\n|\n|-weather|none\n|-heal|p1a: \ud83d\udcab\ud83d\udcab\ud83d\udcab|99\/100 psn|[from] item: Leftovers\n|-heal|p2a: Tekeshi|35\/100|[from] item: Leftovers\n|upkeep\n|turn|23\n|\n|t:|1610167787\n|switch|p1a: \ud83d\ude2c\ud83d\ude2c\ud83d\ude2c|Pelipper, M, shiny|84\/100\n|-weather|RainDance|[from] ability: Drizzle|[of] p1a: \ud83d\ude2c\ud83d\ude2c\ud83d\ude2c\n|move|p2a: Tekeshi|Slack Off|p2a: Tekeshi\n|-heal|p2a: Tekeshi|85\/100\n|\n|-weather|RainDance|[upkeep]\n|-heal|p1a: \ud83d\ude2c\ud83d\ude2c\ud83d\ude2c|100\/100|[from] move: Wish|[wisher] \ud83d\udcab\ud83d\udcab\ud83d\udcab\n|-heal|p2a: Tekeshi|91\/100|[from] item: Leftovers\n|upkeep\n|turn|24\n|\n|t:|1610167806\n|move|p1a: \ud83d\ude2c\ud83d\ude2c\ud83d\ude2c|U-turn|p2a: Tekeshi\n|-damage|p2a: Tekeshi|84\/100\n|\n|t:|1610167811\n|switch|p1a: \ud83d\udc83\ud83d\udc83\ud83d\udc83|Seismitoad, M, shiny|84\/100 tox|[from]move: U-turn\n|move|p2a: Tekeshi|Toxic|p1a: \ud83d\udc83\ud83d\udc83\ud83d\udc83\n|-fail|p1a: \ud83d\udc83\ud83d\udc83\ud83d\udc83|tox\n|\n|-weather|RainDance|[upkeep]\n|-heal|p2a: Tekeshi|90\/100|[from] item: Leftovers\n|-damage|p1a: \ud83d\udc83\ud83d\udc83\ud83d\udc83|78\/100 tox|[from] psn\n|upkeep\n|turn|25\n|\n|t:|1610167825\n|switch|p2a: Fatass|Blissey, F|61\/100\n|move|p1a: \ud83d\udc83\ud83d\udc83\ud83d\udc83|Weather Ball|p2a: Fatass\n|-damage|p2a: Fatass|30\/100\n|-damage|p1a: \ud83d\udc83\ud83d\udc83\ud83d\udc83|68\/100 tox|[from] item: Life Orb\n|\n|-weather|RainDance|[upkeep]\n|-damage|p1a: \ud83d\udc83\ud83d\udc83\ud83d\udc83|56\/100 tox|[from] psn\n|upkeep\n|turn|26\n|inactive|IM AT MY LIMIT has 270 seconds left.\n|\n|t:|1610167861\n|switch|p2a: The lovable|Skarmory, M|87\/100\n|-damage|p2a: The lovable|75\/100|[from] Stealth Rock\n|move|p1a: \ud83d\udc83\ud83d\udc83\ud83d\udc83|Weather Ball|p2a: The lovable\n|-crit|p2a: The lovable\n|-damage|p2a: The lovable|0 fnt\n|-damage|p1a: \ud83d\udc83\ud83d\udc83\ud83d\udc83|46\/100 tox|[from] item: Life Orb\n|faint|p2a: The lovable\n|\n|-weather|RainDance|[upkeep]\n|-damage|p1a: \ud83d\udc83\ud83d\udc83\ud83d\udc83|28\/100 tox|[from] psn\n|upkeep\n|inactive|BillyTheFlash has 270 seconds left.\n|\n|t:|1610167905\n|switch|p2a: Tekeshi|Hippowdon, F|90\/100\n|-damage|p2a: Tekeshi|84\/100|[from] Stealth Rock\n|-weather|Sandstorm|[from] ability: Sand Stream|[of] p2a: Tekeshi\n|turn|27\n|\n|t:|1610167910\n|switch|p1a: \ud83d\udcab\ud83d\udcab\ud83d\udcab|Clefable, M, shiny|99\/100 psn\n|switch|p2a: Fatass|Blissey, F|30\/100\n|\n|-weather|Sandstorm|[upkeep]\n|-damage|p2a: Fatass|24\/100|[from] Sandstorm\n|-heal|p1a: \ud83d\udcab\ud83d\udcab\ud83d\udcab|100\/100 psn|[from] item: Leftovers\n|upkeep\n|turn|28\n|\n|t:|1610167913\n|move|p1a: \ud83d\udcab\ud83d\udcab\ud83d\udcab|Wish|p1a: \ud83d\udcab\ud83d\udcab\ud83d\udcab\n|move|p2a: Fatass|Soft-Boiled|p2a: Fatass\n|-heal|p2a: Fatass|74\/100\n|\n|-weather|Sandstorm|[upkeep]\n|-damage|p2a: Fatass|68\/100|[from] Sandstorm\n|upkeep\n|turn|29\n|inactive|BillyTheFlash has 270 seconds left.\n|\n|t:|1610167929\n|switch|p1a: \ud83d\udc83\ud83d\udc83\ud83d\udc83|Seismitoad, M, shiny|28\/100 tox\n|move|p2a: Fatass|Teleport|p2a: Fatass\n|inactive|BillyTheFlash has 270 seconds left.\n|\n|t:|1610167946\n|switch|p2a: Uhh rilaboom|Corviknight, M|100\/100|[from]move: Teleport\n|-damage|p2a: Uhh rilaboom|88\/100|[from] Stealth Rock\n|-ability|p2a: Uhh rilaboom|Pressure\n|\n|-weather|Sandstorm|[upkeep]\n|-heal|p1a: \ud83d\udc83\ud83d\udc83\ud83d\udc83|85\/100 tox|[from] move: Wish|[wisher] \ud83d\udcab\ud83d\udcab\ud83d\udcab\n|-heal|p2a: Uhh rilaboom|94\/100|[from] item: Leftovers\n|-damage|p1a: \ud83d\udc83\ud83d\udc83\ud83d\udc83|79\/100 tox|[from] psn\n|upkeep\n|turn|30\n|\n|t:|1610167962\n|switch|p1a: \ud83d\ude2c\ud83d\ude2c\ud83d\ude2c|Pelipper, M, shiny|100\/100\n|-weather|RainDance|[from] ability: Drizzle|[of] p1a: \ud83d\ude2c\ud83d\ude2c\ud83d\ude2c\n|move|p2a: Uhh rilaboom|U-turn|p1a: \ud83d\ude2c\ud83d\ude2c\ud83d\ude2c\n|-resisted|p1a: \ud83d\ude2c\ud83d\ude2c\ud83d\ude2c\n|-damage|p1a: \ud83d\ude2c\ud83d\ude2c\ud83d\ude2c|95\/100\n|\n|t:|1610167965\n|switch|p2a: Tekeshi|Hippowdon, F|84\/100|[from]move: U-turn\n|-damage|p2a: Tekeshi|77\/100|[from] Stealth Rock\n|-weather|Sandstorm|[from] ability: Sand Stream|[of] p2a: Tekeshi\n|\n|-weather|Sandstorm|[upkeep]\n|-damage|p1a: \ud83d\ude2c\ud83d\ude2c\ud83d\ude2c|89\/100|[from] Sandstorm\n|-heal|p2a: Tekeshi|84\/100|[from] item: Leftovers\n|upkeep\n|turn|31\n|\n|t:|1610167974\n|move|p1a: \ud83d\ude2c\ud83d\ude2c\ud83d\ude2c|U-turn|p2a: Tekeshi\n|-damage|p2a: Tekeshi|77\/100\n|\n|t:|1610167976\n|switch|p1a: \ud83e\udd17\ud83e\udd17\ud83e\udd17|Ferrothorn, M, shiny|81\/100|[from]move: U-turn\n|move|p2a: Tekeshi|Toxic|p1a: \ud83e\udd17\ud83e\udd17\ud83e\udd17\n|-immune|p1a: \ud83e\udd17\ud83e\udd17\ud83e\udd17\n|\n|-weather|Sandstorm|[upkeep]\n|-heal|p2a: Tekeshi|83\/100|[from] item: Leftovers\n|-heal|p1a: \ud83e\udd17\ud83e\udd17\ud83e\udd17|87\/100|[from] item: Leftovers\n|upkeep\n|turn|32\n|\n|t:|1610167983\n|move|p2a: Tekeshi|Stealth Rock|p1a: \ud83e\udd17\ud83e\udd17\ud83e\udd17\n|-sidestart|p1: IM AT MY LIMIT|move: Stealth Rock\n|move|p1a: \ud83e\udd17\ud83e\udd17\ud83e\udd17|Spikes|p2a: Tekeshi\n|-sidestart|p2: BillyTheFlash|Spikes\n|\n|-weather|Sandstorm|[upkeep]\n|-heal|p2a: Tekeshi|90\/100|[from] item: Leftovers\n|-heal|p1a: \ud83e\udd17\ud83e\udd17\ud83e\udd17|93\/100|[from] item: Leftovers\n|upkeep\n|turn|33\n|\n|t:|1610167986\n|move|p2a: Tekeshi|Earthquake|p1a: \ud83e\udd17\ud83e\udd17\ud83e\udd17\n|-damage|p1a: \ud83e\udd17\ud83e\udd17\ud83e\udd17|69\/100\n|move|p1a: \ud83e\udd17\ud83e\udd17\ud83e\udd17|Spikes|p2a: Tekeshi\n|-sidestart|p2: BillyTheFlash|Spikes\n|\n|-weather|Sandstorm|[upkeep]\n|-heal|p2a: Tekeshi|96\/100|[from] item: Leftovers\n|-heal|p1a: \ud83e\udd17\ud83e\udd17\ud83e\udd17|75\/100|[from] item: Leftovers\n|upkeep\n|turn|34\n|\n|t:|1610167991\n|switch|p2a: Uhh rilaboom|Corviknight, M|94\/100\n|-damage|p2a: Uhh rilaboom|82\/100|[from] Stealth Rock\n|-ability|p2a: Uhh rilaboom|Pressure\n|move|p1a: \ud83e\udd17\ud83e\udd17\ud83e\udd17|Knock Off|p2a: Uhh rilaboom\n|-damage|p2a: Uhh rilaboom|65\/100\n|-enditem|p2a: Uhh rilaboom|Leftovers|[from] move: Knock Off|[of] p1a: \ud83e\udd17\ud83e\udd17\ud83e\udd17\n|\n|-weather|none\n|-heal|p1a: \ud83e\udd17\ud83e\udd17\ud83e\udd17|82\/100|[from] item: Leftovers\n|upkeep\n|turn|35\n|\n|t:|1610167995\n|move|p2a: Uhh rilaboom|U-turn|p1a: \ud83e\udd17\ud83e\udd17\ud83e\udd17\n|-damage|p1a: \ud83e\udd17\ud83e\udd17\ud83e\udd17|74\/100\n|-damage|p2a: Uhh rilaboom|52\/100|[from] ability: Iron Barbs|[of] p1a: \ud83e\udd17\ud83e\udd17\ud83e\udd17\n|\n|t:|1610168000\n|switch|p2a: Hot and spicy|Tangrowth, F, shiny|100\/100|[from]move: U-turn\n|-damage|p2a: Hot and spicy|84\/100|[from] Spikes\n|-damage|p2a: Hot and spicy|72\/100|[from] Stealth Rock\n|move|p1a: \ud83e\udd17\ud83e\udd17\ud83e\udd17|Leech Seed|p2a: Hot and spicy\n|-immune|p2a: Hot and spicy\n|\n|-heal|p1a: \ud83e\udd17\ud83e\udd17\ud83e\udd17|80\/100|[from] item: Leftovers\n|upkeep\n|turn|36\n|\n|t:|1610168006\n|switch|p1a: \ud83d\udcab\ud83d\udcab\ud83d\udcab|Clefable, M, shiny|100\/100 psn\n|move|p2a: Hot and spicy|Knock Off|p1a: \ud83d\udcab\ud83d\udcab\ud83d\udcab\n|-resisted|p1a: \ud83d\udcab\ud83d\udcab\ud83d\udcab\n|-damage|p1a: \ud83d\udcab\ud83d\udcab\ud83d\udcab|90\/100 psn\n|-enditem|p1a: \ud83d\udcab\ud83d\udcab\ud83d\udcab|Leftovers|[from] move: Knock Off|[of] p2a: Hot and spicy\n|\n|upkeep\n|turn|37\n|\n|t:|1610168016\n|move|p1a: \ud83d\udcab\ud83d\udcab\ud83d\udcab|Wish|p1a: \ud83d\udcab\ud83d\udcab\ud83d\udcab\n|move|p2a: Hot and spicy|Giga Drain|p1a: \ud83d\udcab\ud83d\udcab\ud83d\udcab\n|-damage|p1a: \ud83d\udcab\ud83d\udcab\ud83d\udcab|67\/100 psn\n|-heal|p2a: Hot and spicy|83\/100|[from] drain|[of] p1a: \ud83d\udcab\ud83d\udcab\ud83d\udcab\n|\n|upkeep\n|turn|38\n|inactive|BillyTheFlash has 270 seconds left.\n|\n|t:|1610168046\n|move|p1a: \ud83d\udcab\ud83d\udcab\ud83d\udcab|Moonblast|p2a: Hot and spicy\n|-damage|p2a: Hot and spicy|39\/100\n|-unboost|p2a: Hot and spicy|spa|1\n|move|p2a: Hot and spicy|Sleep Powder||[still]\n|-fail|p2a: Hot and spicy\n|\n|-heal|p1a: \ud83d\udcab\ud83d\udcab\ud83d\udcab|100\/100 psn|[from] move: Wish|[wisher] \ud83d\udcab\ud83d\udcab\ud83d\udcab\n|upkeep\n|turn|39\n|\n|t:|1610168057\n|switch|p2a: Fatass|Blissey, F|68\/100\n|move|p1a: \ud83d\udcab\ud83d\udcab\ud83d\udcab|Moonblast|p2a: Fatass\n|-damage|p2a: Fatass|58\/100\n|\n|upkeep\n|turn|40\n|\n|t:|1610168060\n|move|p1a: \ud83d\udcab\ud83d\udcab\ud83d\udcab|Wish|p1a: \ud83d\udcab\ud83d\udcab\ud83d\udcab\n|move|p2a: Fatass|Soft-Boiled|p2a: Fatass\n|-heal|p2a: Fatass|100\/100\n|\n|upkeep\n|turn|41\n|\n|t:|1610168069\n|switch|p1a: \ud83d\ude2c\ud83d\ude2c\ud83d\ude2c|Pelipper, M, shiny|89\/100\n|-damage|p1a: \ud83d\ude2c\ud83d\ude2c\ud83d\ude2c|64\/100|[from] Stealth Rock\n|-weather|RainDance|[from] ability: Drizzle|[of] p1a: \ud83d\ude2c\ud83d\ude2c\ud83d\ude2c\n|switch|p2a: British yuck|Toxapex, F|100\/100\n|-damage|p2a: British yuck|84\/100|[from] Spikes\n|-damage|p2a: British yuck|72\/100|[from] Stealth Rock\n|\n|-weather|RainDance|[upkeep]\n|-heal|p1a: \ud83d\ude2c\ud83d\ude2c\ud83d\ude2c|100\/100|[from] move: Wish|[wisher] \ud83d\udcab\ud83d\udcab\ud83d\udcab\n|upkeep\n|turn|42\n|\n|t:|1610168075\n|move|p1a: \ud83d\ude2c\ud83d\ude2c\ud83d\ude2c|U-turn|p2a: British yuck\n|-resisted|p2a: British yuck\n|-damage|p2a: British yuck|69\/100\n|-damage|p1a: \ud83d\ude2c\ud83d\ude2c\ud83d\ude2c|84\/100|[from] item: Rocky Helmet|[of] p2a: British yuck\n|\n|t:|1610168077\n|switch|p1a: \ud83e\udd30\ud83e\udd30\ud83e\udd30|Zapdos, shiny|88\/100|[from]move: U-turn\n|move|p2a: British yuck|Scald|p1a: \ud83e\udd30\ud83e\udd30\ud83e\udd30\n|-damage|p1a: \ud83e\udd30\ud83e\udd30\ud83e\udd30|59\/100\n|\n|-weather|RainDance|[upkeep]\n|upkeep\n|turn|43\n|\n|t:|1610168089\n|switch|p2a: Tekeshi|Hippowdon, F|96\/100\n|-damage|p2a: Tekeshi|79\/100|[from] Spikes\n|-damage|p2a: Tekeshi|73\/100|[from] Stealth Rock\n|-weather|Sandstorm|[from] ability: Sand Stream|[of] p2a: Tekeshi\n|move|p1a: \ud83e\udd30\ud83e\udd30\ud83e\udd30|Hurricane|p2a: Tekeshi|[miss]\n|-miss|p1a: \ud83e\udd30\ud83e\udd30\ud83e\udd30|p2a: Tekeshi\n|\n|-weather|Sandstorm|[upkeep]\n|-damage|p1a: \ud83e\udd30\ud83e\udd30\ud83e\udd30|53\/100|[from] Sandstorm\n|-heal|p2a: Tekeshi|79\/100|[from] item: Leftovers\n|upkeep\n|turn|44\n|\n|t:|1610168098\n|move|p1a: \ud83e\udd30\ud83e\udd30\ud83e\udd30|Hurricane|p2a: Tekeshi\n|-damage|p2a: Tekeshi|41\/100\n|move|p2a: Tekeshi|Toxic|p1a: \ud83e\udd30\ud83e\udd30\ud83e\udd30\n|-status|p1a: \ud83e\udd30\ud83e\udd30\ud83e\udd30|tox\n|\n|-weather|Sandstorm|[upkeep]\n|-damage|p1a: \ud83e\udd30\ud83e\udd30\ud83e\udd30|46\/100 tox|[from] Sandstorm\n|-heal|p2a: Tekeshi|47\/100|[from] item: Leftovers\n|-damage|p1a: \ud83e\udd30\ud83e\udd30\ud83e\udd30|40\/100 tox|[from] psn\n|upkeep\n|turn|45\n|\n|t:|1610168106\n|switch|p1a: \ud83d\udcab\ud83d\udcab\ud83d\udcab|Clefable, M, shiny|100\/100 psn\n|move|p2a: Tekeshi|Slack Off|p2a: Tekeshi\n|-heal|p2a: Tekeshi|97\/100\n|\n|-weather|Sandstorm|[upkeep]\n|-heal|p2a: Tekeshi|100\/100|[from] item: Leftovers\n|upkeep\n|turn|46\n|\n|t:|1610168112\n|switch|p2a: Hot and spicy|Tangrowth, F, shiny|72\/100\n|-damage|p2a: Hot and spicy|59\/100|[from] Stealth Rock\n|-damage|p2a: Hot and spicy|43\/100|[from] Spikes\n|move|p1a: \ud83d\udcab\ud83d\udcab\ud83d\udcab|Wish|p1a: \ud83d\udcab\ud83d\udcab\ud83d\udcab\n|\n|-weather|Sandstorm|[upkeep]\n|-damage|p2a: Hot and spicy|37\/100|[from] Sandstorm\n|upkeep\n|turn|47\n|\n|t:|1610168119\n|switch|p1a: \ud83e\udd30\ud83e\udd30\ud83e\udd30|Zapdos, shiny|40\/100 tox\n|switch|p2a: Uhh rilaboom|Corviknight, M|52\/100\n|-damage|p2a: Uhh rilaboom|40\/100|[from] Stealth Rock\n|-ability|p2a: Uhh rilaboom|Pressure\n|\n|-weather|none\n|-heal|p1a: \ud83e\udd30\ud83e\udd30\ud83e\udd30|100\/100 tox|[from] move: Wish|[wisher] \ud83d\udcab\ud83d\udcab\ud83d\udcab\n|-damage|p1a: \ud83e\udd30\ud83e\udd30\ud83e\udd30|94\/100 tox|[from] psn\n|upkeep\n|turn|48\n|\n|t:|1610168125\n|switch|p2a: Fatass|Blissey, F|100\/100\n|move|p1a: \ud83e\udd30\ud83e\udd30\ud83e\udd30|Hurricane|p2a: Fatass\n|-damage|p2a: Fatass|81\/100\n|\n|-damage|p1a: \ud83e\udd30\ud83e\udd30\ud83e\udd30|82\/100 tox|[from] psn\n|upkeep\n|turn|49\n|\n|t:|1610168129\n|move|p1a: \ud83e\udd30\ud83e\udd30\ud83e\udd30|Volt Switch|p2a: Fatass\n|-damage|p2a: Fatass|68\/100\n|\n|t:|1610168132\n|switch|p1a: \ud83d\udcab\ud83d\udcab\ud83d\udcab|Clefable, M, shiny|100\/100 psn|[from]move: Volt Switch\n|move|p2a: Fatass|Teleport|p2a: Fatass\n|\n|t:|1610168139\n|switch|p2a: Uhh rilaboom|Corviknight, M|40\/100|[from]move: Teleport\n|-damage|p2a: Uhh rilaboom|27\/100|[from] Stealth Rock\n|-ability|p2a: Uhh rilaboom|Pressure\n|\n|upkeep\n|turn|50\n|\n|t:|1610168144\n|switch|p1a: \ud83e\udd17\ud83e\udd17\ud83e\udd17|Ferrothorn, M, shiny|80\/100\n|-damage|p1a: \ud83e\udd17\ud83e\udd17\ud83e\udd17|74\/100|[from] Stealth Rock\n|move|p2a: Uhh rilaboom|Roost|p2a: Uhh rilaboom\n|-heal|p2a: Uhh rilaboom|77\/100\n|-singleturn|p2a: Uhh rilaboom|move: Roost\n|\n|-heal|p1a: \ud83e\udd17\ud83e\udd17\ud83e\udd17|80\/100|[from] item: Leftovers\n|upkeep\n|turn|51\n|\n|t:|1610168147\n|move|p2a: Uhh rilaboom|Defog|p1a: \ud83e\udd17\ud83e\udd17\ud83e\udd17\n|-unboost|p1a: \ud83e\udd17\ud83e\udd17\ud83e\udd17|evasion|1\n|-sideend|p1: IM AT MY LIMIT|Stealth Rock|[from] move: Defog|[of] p2a: Uhh rilaboom\n|-sideend|p2: BillyTheFlash|Spikes|[from] move: Defog|[of] p2a: Uhh rilaboom\n|-sideend|p2: BillyTheFlash|Stealth Rock|[from] move: Defog|[of] p2a: Uhh rilaboom\n|move|p1a: \ud83e\udd17\ud83e\udd17\ud83e\udd17|Leech Seed|p2a: Uhh rilaboom\n|-start|p2a: Uhh rilaboom|move: Leech Seed\n|\n|-heal|p1a: \ud83e\udd17\ud83e\udd17\ud83e\udd17|86\/100|[from] item: Leftovers\n|-damage|p2a: Uhh rilaboom|65\/100|[from] Leech Seed|[of] p1a: \ud83e\udd17\ud83e\udd17\ud83e\udd17\n|-heal|p1a: \ud83e\udd17\ud83e\udd17\ud83e\udd17|99\/100|[silent]\n|upkeep\n|turn|52\n|\n|t:|1610168153\n|move|p2a: Uhh rilaboom|Roost|p2a: Uhh rilaboom\n|-heal|p2a: Uhh rilaboom|100\/100\n|-singleturn|p2a: Uhh rilaboom|move: Roost\n|move|p1a: \ud83e\udd17\ud83e\udd17\ud83e\udd17|Knock Off|p2a: Uhh rilaboom\n|-damage|p2a: Uhh rilaboom|88\/100\n|\n|-heal|p1a: \ud83e\udd17\ud83e\udd17\ud83e\udd17|100\/100|[from] item: Leftovers\n|-damage|p2a: Uhh rilaboom|76\/100|[from] Leech Seed|[of] p1a: \ud83e\udd17\ud83e\udd17\ud83e\udd17\n|upkeep\n|turn|53\n|\n|t:|1610168164\n|switch|p2a: British yuck|Toxapex, F|100\/100\n|move|p1a: \ud83e\udd17\ud83e\udd17\ud83e\udd17|Knock Off|p2a: British yuck\n|-damage|p2a: British yuck|88\/100\n|-damage|p1a: \ud83e\udd17\ud83e\udd17\ud83e\udd17|84\/100|[from] item: Rocky Helmet|[of] p2a: British yuck\n|-enditem|p2a: British yuck|Rocky Helmet|[from] move: Knock Off|[of] p1a: \ud83e\udd17\ud83e\udd17\ud83e\udd17\n|\n|-heal|p1a: \ud83e\udd17\ud83e\udd17\ud83e\udd17|90\/100|[from] item: Leftovers\n|upkeep\n|turn|54\n|\n|t:|1610168171\n|switch|p1a: \ud83d\udcab\ud83d\udcab\ud83d\udcab|Clefable, M, shiny|100\/100 psn\n|move|p2a: British yuck|Scald|p1a: \ud83d\udcab\ud83d\udcab\ud83d\udcab\n|-damage|p1a: \ud83d\udcab\ud83d\udcab\ud83d\udcab|87\/100 psn\n|\n|upkeep\n|turn|55\n|\n|t:|1610168176\n|move|p1a: \ud83d\udcab\ud83d\udcab\ud83d\udcab|Stealth Rock|p2a: British yuck\n|-sidestart|p2: BillyTheFlash|move: Stealth Rock\n|move|p2a: British yuck|Toxic Spikes|p1a: \ud83d\udcab\ud83d\udcab\ud83d\udcab\n|-sidestart|p1: IM AT MY LIMIT|move: Toxic Spikes\n|\n|upkeep\n|turn|56\n|\n|t:|1610168184\n|switch|p1a: \ud83e\udd17\ud83e\udd17\ud83e\udd17|Ferrothorn, M, shiny|90\/100\n|switch|p2a: Fatass|Blissey, F|68\/100\n|\n|-heal|p1a: \ud83e\udd17\ud83e\udd17\ud83e\udd17|97\/100|[from] item: Leftovers\n|upkeep\n|turn|57\n|\n|t:|1610168195\n|move|p1a: \ud83e\udd17\ud83e\udd17\ud83e\udd17|Knock Off|p2a: Fatass\n|-damage|p2a: Fatass|49\/100\n|-enditem|p2a: Fatass|Heavy-Duty Boots|[from] move: Knock Off|[of] p1a: \ud83e\udd17\ud83e\udd17\ud83e\udd17\n|move|p2a: Fatass|Teleport|p2a: Fatass\n|\n|t:|1610168198\n|switch|p2a: Tekeshi|Hippowdon, F|100\/100|[from]move: Teleport\n|-damage|p2a: Tekeshi|94\/100|[from] Stealth Rock\n|-weather|Sandstorm|[from] ability: Sand Stream|[of] p2a: Tekeshi\n|\n|-weather|Sandstorm|[upkeep]\n|-heal|p2a: Tekeshi|100\/100|[from] item: Leftovers\n|-heal|p1a: \ud83e\udd17\ud83e\udd17\ud83e\udd17|100\/100|[from] item: Leftovers\n|upkeep\n|turn|58\n|\n|t:|1610168215\n|switch|p2a: Hot and spicy|Tangrowth, F, shiny|70\/100\n|-damage|p2a: Hot and spicy|57\/100|[from] Stealth Rock\n|move|p1a: \ud83e\udd17\ud83e\udd17\ud83e\udd17|Spikes|p2a: Hot and spicy\n|-sidestart|p2: BillyTheFlash|Spikes\n|\n|-weather|Sandstorm|[upkeep]\n|-damage|p2a: Hot and spicy|51\/100|[from] Sandstorm\n|upkeep\n|turn|59\n|\n|t:|1610168219\n|switch|p1a: \ud83d\udcab\ud83d\udcab\ud83d\udcab|Clefable, M, shiny|87\/100 psn\n|move|p2a: Hot and spicy|Sleep Powder||[still]\n|-fail|p2a: Hot and spicy\n|\n|-weather|Sandstorm|[upkeep]\n|-damage|p2a: Hot and spicy|45\/100|[from] Sandstorm\n|upkeep\n|turn|60\n|\n|t:|1610168223\n|switch|p2a: Fatass|Blissey, F|49\/100\n|-damage|p2a: Fatass|37\/100|[from] Stealth Rock\n|-damage|p2a: Fatass|24\/100|[from] Spikes\n|move|p1a: \ud83d\udcab\ud83d\udcab\ud83d\udcab|Moonblast|p2a: Fatass\n|-damage|p2a: Fatass|13\/100\n|\n|-weather|Sandstorm|[upkeep]\n|-damage|p2a: Fatass|6\/100|[from] Sandstorm\n|upkeep\n|turn|61\n|\n|t:|1610168238\n|switch|p2a: Uhh rilaboom|Corviknight, M|76\/100\n|-damage|p2a: Uhh rilaboom|63\/100|[from] Stealth Rock\n|-ability|p2a: Uhh rilaboom|Pressure\n|move|p1a: \ud83d\udcab\ud83d\udcab\ud83d\udcab|Moonblast|p2a: Uhh rilaboom\n|-resisted|p2a: Uhh rilaboom\n|-damage|p2a: Uhh rilaboom|52\/100\n|\n|-weather|none\n|upkeep\n|turn|62\n|\n|t:|1610168242\n|move|p2a: Uhh rilaboom|Defog|p1a: \ud83d\udcab\ud83d\udcab\ud83d\udcab\n|-unboost|p1a: \ud83d\udcab\ud83d\udcab\ud83d\udcab|evasion|1\n|-sideend|p1: IM AT MY LIMIT|Toxic Spikes|[from] move: Defog|[of] p2a: Uhh rilaboom\n|-sideend|p2: BillyTheFlash|Spikes|[from] move: Defog|[of] p2a: Uhh rilaboom\n|-sideend|p2: BillyTheFlash|Stealth Rock|[from] move: Defog|[of] p2a: Uhh rilaboom\n|move|p1a: \ud83d\udcab\ud83d\udcab\ud83d\udcab|Wish|p1a: \ud83d\udcab\ud83d\udcab\ud83d\udcab\n|\n|upkeep\n|turn|63\n|\n|t:|1610168255\n|switch|p1a: \ud83e\udd30\ud83e\udd30\ud83e\udd30|Zapdos, shiny|82\/100 tox\n|move|p2a: Uhh rilaboom|Roost|p2a: Uhh rilaboom\n|-heal|p2a: Uhh rilaboom|100\/100\n|-singleturn|p2a: Uhh rilaboom|move: Roost\n|\n|-heal|p1a: \ud83e\udd30\ud83e\udd30\ud83e\udd30|100\/100 tox|[from] move: Wish|[wisher] \ud83d\udcab\ud83d\udcab\ud83d\udcab\n|-damage|p1a: \ud83e\udd30\ud83e\udd30\ud83e\udd30|94\/100 tox|[from] psn\n|upkeep\n|turn|64\n|\n|t:|1610168282\n|switch|p2a: Hot and spicy|Tangrowth, F, shiny|78\/100\n|move|p1a: \ud83e\udd30\ud83e\udd30\ud83e\udd30|Volt Switch|p2a: Hot and spicy\n|-resisted|p2a: Hot and spicy\n|-damage|p2a: Hot and spicy|52\/100\n|\n|t:|1610168290\n|switch|p1a: \ud83d\ude2c\ud83d\ude2c\ud83d\ude2c|Pelipper, M, shiny|84\/100|[from]move: Volt Switch\n|-weather|RainDance|[from] ability: Drizzle|[of] p1a: \ud83d\ude2c\ud83d\ude2c\ud83d\ude2c\n|\n|-weather|RainDance|[upkeep]\n|upkeep\n|turn|65\n|\n|t:|1610168308\n|move|p2a: Hot and spicy|Knock Off|p1a: \ud83d\ude2c\ud83d\ude2c\ud83d\ude2c\n|-damage|p1a: \ud83d\ude2c\ud83d\ude2c\ud83d\ude2c|68\/100\n|-enditem|p1a: \ud83d\ude2c\ud83d\ude2c\ud83d\ude2c|Damp Rock|[from] move: Knock Off|[of] p2a: Hot and spicy\n|move|p1a: \ud83d\ude2c\ud83d\ude2c\ud83d\ude2c|U-turn|p2a: Hot and spicy\n|-supereffective|p2a: Hot and spicy\n|-damage|p2a: Hot and spicy|43\/100\n|-damage|p1a: \ud83d\ude2c\ud83d\ude2c\ud83d\ude2c|52\/100|[from] item: Rocky Helmet|[of] p2a: Hot and spicy\n|\n|t:|1610168316\n|switch|p1a: \ud83e\udd30\ud83e\udd30\ud83e\udd30|Zapdos, shiny|94\/100 tox|[from]move: U-turn\n|\n|-weather|RainDance|[upkeep]\n|-damage|p1a: \ud83e\udd30\ud83e\udd30\ud83e\udd30|88\/100 tox|[from] psn\n|upkeep\n|turn|66\n|inactive|BillyTheFlash has 270 seconds left.\n|\n|t:|1610168337\n|move|p1a: \ud83e\udd30\ud83e\udd30\ud83e\udd30|Volt Switch|p2a: Hot and spicy\n|-resisted|p2a: Hot and spicy\n|-crit|p2a: Hot and spicy\n|-damage|p2a: Hot and spicy|4\/100\n|\n|t:|1610168341\n|switch|p1a: \ud83d\udcab\ud83d\udcab\ud83d\udcab|Clefable, M, shiny|87\/100 psn|[from]move: Volt Switch\n|move|p2a: Hot and spicy|Focus Blast|p1a: \ud83d\udcab\ud83d\udcab\ud83d\udcab|[miss]\n|-miss|p2a: Hot and spicy|p1a: \ud83d\udcab\ud83d\udcab\ud83d\udcab\n|\n|-weather|RainDance|[upkeep]\n|upkeep\n|turn|67\n|\n|t:|1610168353\n|switch|p2a: Uhh rilaboom|Corviknight, M|100\/100\n|-ability|p2a: Uhh rilaboom|Pressure\n|move|p1a: \ud83d\udcab\ud83d\udcab\ud83d\udcab|Stealth Rock|p2a: Uhh rilaboom\n|-sidestart|p2: BillyTheFlash|move: Stealth Rock\n|\n|-weather|RainDance|[upkeep]\n|upkeep\n|turn|68\n|\n|t:|1610168356\n|switch|p1a: \ud83e\udd30\ud83e\udd30\ud83e\udd30|Zapdos, shiny|88\/100 tox\n|move|p2a: Uhh rilaboom|Defog|p1a: \ud83e\udd30\ud83e\udd30\ud83e\udd30\n|-unboost|p1a: \ud83e\udd30\ud83e\udd30\ud83e\udd30|evasion|1\n|-sideend|p2: BillyTheFlash|Stealth Rock|[from] move: Defog|[of] p2a: Uhh rilaboom\n|\n|-weather|RainDance|[upkeep]\n|-damage|p1a: \ud83e\udd30\ud83e\udd30\ud83e\udd30|82\/100 tox|[from] psn\n|upkeep\n|turn|69\n|\n|t:|1610168368\n|switch|p1a: \ud83d\udcab\ud83d\udcab\ud83d\udcab|Clefable, M, shiny|87\/100 psn\n|switch|p2a: Tekeshi|Hippowdon, F|100\/100\n|-weather|Sandstorm|[from] ability: Sand Stream|[of] p2a: Tekeshi\n|\n|-weather|Sandstorm|[upkeep]\n|upkeep\n|turn|70\n|\n|t:|1610168378\n|move|p1a: \ud83d\udcab\ud83d\udcab\ud83d\udcab|Stealth Rock|p2a: Tekeshi\n|-sidestart|p2: BillyTheFlash|move: Stealth Rock\n|move|p2a: Tekeshi|Stealth Rock|p1a: \ud83d\udcab\ud83d\udcab\ud83d\udcab\n|-sidestart|p1: IM AT MY LIMIT|move: Stealth Rock\n|\n|-weather|Sandstorm|[upkeep]\n|upkeep\n|turn|71\n|\n|t:|1610168393\n|switch|p1a: \ud83e\udd17\ud83e\udd17\ud83e\udd17|Ferrothorn, M, shiny|100\/100\n|-damage|p1a: \ud83e\udd17\ud83e\udd17\ud83e\udd17|94\/100|[from] Stealth Rock\n|switch|p2a: British yuck|Toxapex, F|100\/100\n|-damage|p2a: British yuck|88\/100|[from] Stealth Rock\n|\n|-weather|Sandstorm|[upkeep]\n|-damage|p2a: British yuck|82\/100|[from] Sandstorm\n|-heal|p1a: \ud83e\udd17\ud83e\udd17\ud83e\udd17|100\/100|[from] item: Leftovers\n|upkeep\n|turn|72\n|\n|t:|1610168397\n|move|p2a: British yuck|Toxic Spikes|p1a: \ud83e\udd17\ud83e\udd17\ud83e\udd17\n|-sidestart|p1: IM AT MY LIMIT|move: Toxic Spikes\n|move|p1a: \ud83e\udd17\ud83e\udd17\ud83e\udd17|Spikes|p2a: British yuck\n|-sidestart|p2: BillyTheFlash|Spikes\n|\n|-weather|Sandstorm|[upkeep]\n|-damage|p2a: British yuck|75\/100|[from] Sandstorm\n|upkeep\n|turn|73\n|\n|t:|1610168399\n|move|p2a: British yuck|Toxic Spikes|p1a: \ud83e\udd17\ud83e\udd17\ud83e\udd17\n|-sidestart|p1: IM AT MY LIMIT|move: Toxic Spikes\n|move|p1a: \ud83e\udd17\ud83e\udd17\ud83e\udd17|Spikes|p2a: British yuck\n|-sidestart|p2: BillyTheFlash|Spikes\n|\n|-weather|none\n|upkeep\n|turn|74\n|\n|t:|1610168404\n|move|p2a: British yuck|Scald|p1a: \ud83e\udd17\ud83e\udd17\ud83e\udd17\n|-resisted|p1a: \ud83e\udd17\ud83e\udd17\ud83e\udd17\n|-damage|p1a: \ud83e\udd17\ud83e\udd17\ud83e\udd17|94\/100\n|move|p1a: \ud83e\udd17\ud83e\udd17\ud83e\udd17|Spikes|p2a: British yuck\n|-sidestart|p2: BillyTheFlash|Spikes\n|\n|-heal|p1a: \ud83e\udd17\ud83e\udd17\ud83e\udd17|99\/100|[from] item: Leftovers\n|upkeep\n|turn|75\n|\n|t:|1610168407\n|switch|p1a: \ud83d\udcab\ud83d\udcab\ud83d\udcab|Clefable, M, shiny|87\/100 psn\n|move|p2a: British yuck|Scald|p1a: \ud83d\udcab\ud83d\udcab\ud83d\udcab\n|-damage|p1a: \ud83d\udcab\ud83d\udcab\ud83d\udcab|74\/100 psn\n|\n|upkeep\n|turn|76\n|\n|t:|1610168411\n|move|p1a: \ud83d\udcab\ud83d\udcab\ud83d\udcab|Wish|p1a: \ud83d\udcab\ud83d\udcab\ud83d\udcab\n|move|p2a: British yuck|Scald|p1a: \ud83d\udcab\ud83d\udcab\ud83d\udcab\n|-damage|p1a: \ud83d\udcab\ud83d\udcab\ud83d\udcab|62\/100 psn\n|\n|upkeep\n|turn|77\n|\n|t:|1610168417\n|switch|p1a: \ud83d\ude2c\ud83d\ude2c\ud83d\ude2c|Pelipper, M, shiny|52\/100\n|-damage|p1a: \ud83d\ude2c\ud83d\ude2c\ud83d\ude2c|27\/100|[from] Stealth Rock\n|-weather|RainDance|[from] ability: Drizzle|[of] p1a: \ud83d\ude2c\ud83d\ude2c\ud83d\ude2c\n|move|p2a: British yuck|Recover|p2a: British yuck\n|-heal|p2a: British yuck|100\/100\n|\n|-weather|RainDance|[upkeep]\n|-heal|p1a: \ud83d\ude2c\ud83d\ude2c\ud83d\ude2c|88\/100|[from] move: Wish|[wisher] \ud83d\udcab\ud83d\udcab\ud83d\udcab\n|upkeep\n|turn|78\n|\n|t:|1610168442\n|move|p1a: \ud83d\ude2c\ud83d\ude2c\ud83d\ude2c|U-turn|p2a: British yuck\n|-resisted|p2a: British yuck\n|-damage|p2a: British yuck|98\/100\n|\n|t:|1610168444\n|switch|p1a: \ud83d\udc83\ud83d\udc83\ud83d\udc83|Seismitoad, M, shiny|79\/100 tox|[from]move: U-turn\n|-damage|p1a: \ud83d\udc83\ud83d\udc83\ud83d\udc83|73\/100 tox|[from] Stealth Rock\n|move|p2a: British yuck|Scald|p1a: \ud83d\udc83\ud83d\udc83\ud83d\udc83\n|-damage|p1a: \ud83d\udc83\ud83d\udc83\ud83d\udc83|39\/100 tox\n|\n|-weather|RainDance|[upkeep]\n|-damage|p1a: \ud83d\udc83\ud83d\udc83\ud83d\udc83|33\/100 tox|[from] psn\n|upkeep\n|turn|79\n|\n|t:|1610168460\n|move|p1a: \ud83d\udc83\ud83d\udc83\ud83d\udc83|Weather Ball|p2a: British yuck\n|-resisted|p2a: British yuck\n|-damage|p2a: British yuck|65\/100\n|-damage|p1a: \ud83d\udc83\ud83d\udc83\ud83d\udc83|23\/100 tox|[from] item: Life Orb\n|move|p2a: British yuck|Scald|p1a: \ud83d\udc83\ud83d\udc83\ud83d\udc83\n|-damage|p1a: \ud83d\udc83\ud83d\udc83\ud83d\udc83|0 fnt\n|faint|p1a: \ud83d\udc83\ud83d\udc83\ud83d\udc83\n|\n|-weather|RainDance|[upkeep]\n|upkeep\n|\n|t:|1610168463\n|switch|p1a: \ud83e\udd30\ud83e\udd30\ud83e\udd30|Zapdos, shiny|82\/100 tox\n|turn|80\n|\n|t:|1610168479\n|switch|p2a: Tekeshi|Hippowdon, F|100\/100\n|-damage|p2a: Tekeshi|75\/100|[from] Spikes\n|-damage|p2a: Tekeshi|69\/100|[from] Stealth Rock\n|-weather|Sandstorm|[from] ability: Sand Stream|[of] p2a: Tekeshi\n|move|p1a: \ud83e\udd30\ud83e\udd30\ud83e\udd30|Volt Switch|p2a: Tekeshi\n|-immune|p2a: Tekeshi\n|\n|-weather|Sandstorm|[upkeep]\n|-damage|p1a: \ud83e\udd30\ud83e\udd30\ud83e\udd30|76\/100 tox|[from] Sandstorm\n|-heal|p2a: Tekeshi|75\/100|[from] item: Leftovers\n|-damage|p1a: \ud83e\udd30\ud83e\udd30\ud83e\udd30|69\/100 tox|[from] psn\n|upkeep\n|turn|81\n|\n|t:|1610168485\n|switch|p1a: \ud83d\udcab\ud83d\udcab\ud83d\udcab|Clefable, M, shiny|62\/100 psn\n|move|p2a: Tekeshi|Slack Off|p2a: Tekeshi\n|-heal|p2a: Tekeshi|100\/100\n|\n|-weather|Sandstorm|[upkeep]\n|upkeep\n|turn|82\n|\n|t:|1610168489\n|move|p1a: \ud83d\udcab\ud83d\udcab\ud83d\udcab|Soft-Boiled|p1a: \ud83d\udcab\ud83d\udcab\ud83d\udcab\n|-heal|p1a: \ud83d\udcab\ud83d\udcab\ud83d\udcab|100\/100 psn\n|move|p2a: Tekeshi|Earthquake|p1a: \ud83d\udcab\ud83d\udcab\ud83d\udcab\n|-damage|p1a: \ud83d\udcab\ud83d\udcab\ud83d\udcab|64\/100 psn\n|\n|-weather|Sandstorm|[upkeep]\n|upkeep\n|turn|83\n|\n|t:|1610168492\n|move|p1a: \ud83d\udcab\ud83d\udcab\ud83d\udcab|Soft-Boiled|p1a: \ud83d\udcab\ud83d\udcab\ud83d\udcab\n|-heal|p1a: \ud83d\udcab\ud83d\udcab\ud83d\udcab|100\/100 psn\n|move|p2a: Tekeshi|Earthquake|p1a: \ud83d\udcab\ud83d\udcab\ud83d\udcab\n|-damage|p1a: \ud83d\udcab\ud83d\udcab\ud83d\udcab|64\/100 psn\n|\n|-weather|Sandstorm|[upkeep]\n|upkeep\n|turn|84\n|\n|t:|1610168498\n|move|p1a: \ud83d\udcab\ud83d\udcab\ud83d\udcab|Soft-Boiled|p1a: \ud83d\udcab\ud83d\udcab\ud83d\udcab\n|-heal|p1a: \ud83d\udcab\ud83d\udcab\ud83d\udcab|100\/100 psn\n|move|p2a: Tekeshi|Earthquake|p1a: \ud83d\udcab\ud83d\udcab\ud83d\udcab\n|-damage|p1a: \ud83d\udcab\ud83d\udcab\ud83d\udcab|65\/100 psn\n|\n|-weather|none\n|upkeep\n|turn|85\n|\n|t:|1610168503\n|move|p1a: \ud83d\udcab\ud83d\udcab\ud83d\udcab|Wish|p1a: \ud83d\udcab\ud83d\udcab\ud83d\udcab\n|move|p2a: Tekeshi|Earthquake|p1a: \ud83d\udcab\ud83d\udcab\ud83d\udcab\n|-damage|p1a: \ud83d\udcab\ud83d\udcab\ud83d\udcab|30\/100 psn\n|\n|upkeep\n|turn|86\n|\n|t:|1610168507\n|move|p1a: \ud83d\udcab\ud83d\udcab\ud83d\udcab|Soft-Boiled|p1a: \ud83d\udcab\ud83d\udcab\ud83d\udcab\n|-heal|p1a: \ud83d\udcab\ud83d\udcab\ud83d\udcab|80\/100 psn\n|move|p2a: Tekeshi|Earthquake|p1a: \ud83d\udcab\ud83d\udcab\ud83d\udcab\n|-damage|p1a: \ud83d\udcab\ud83d\udcab\ud83d\udcab|46\/100 psn\n|\n|-heal|p1a: \ud83d\udcab\ud83d\udcab\ud83d\udcab|96\/100 psn|[from] move: Wish|[wisher] \ud83d\udcab\ud83d\udcab\ud83d\udcab\n|upkeep\n|turn|87\n|\n|t:|1610168517\n|switch|p1a: \ud83e\udd17\ud83e\udd17\ud83e\udd17|Ferrothorn, M, shiny|99\/100\n|-damage|p1a: \ud83e\udd17\ud83e\udd17\ud83e\udd17|94\/100|[from] Stealth Rock\n|move|p2a: Tekeshi|Earthquake|p1a: \ud83e\udd17\ud83e\udd17\ud83e\udd17\n|-damage|p1a: \ud83e\udd17\ud83e\udd17\ud83e\udd17|72\/100\n|\n|-heal|p1a: \ud83e\udd17\ud83e\udd17\ud83e\udd17|78\/100|[from] item: Leftovers\n|upkeep\n|turn|88\n|\n|t:|1610168522\n|switch|p2a: Uhh rilaboom|Corviknight, M|100\/100\n|-damage|p2a: Uhh rilaboom|88\/100|[from] Stealth Rock\n|-ability|p2a: Uhh rilaboom|Pressure\n|move|p1a: \ud83e\udd17\ud83e\udd17\ud83e\udd17|Power Whip|p2a: Uhh rilaboom\n|-resisted|p2a: Uhh rilaboom\n|-damage|p2a: Uhh rilaboom|81\/100\n|\n|-heal|p1a: \ud83e\udd17\ud83e\udd17\ud83e\udd17|84\/100|[from] item: Leftovers\n|upkeep\n|turn|89\n|\n|t:|1610168527\n|move|p2a: Uhh rilaboom|Defog|p1a: \ud83e\udd17\ud83e\udd17\ud83e\udd17\n|-unboost|p1a: \ud83e\udd17\ud83e\udd17\ud83e\udd17|evasion|1\n|-sideend|p1: IM AT MY LIMIT|Toxic Spikes|[from] move: Defog|[of] p2a: Uhh rilaboom\n|-sideend|p1: IM AT MY LIMIT|Stealth Rock|[from] move: Defog|[of] p2a: Uhh rilaboom\n|-sideend|p2: BillyTheFlash|Spikes|[from] move: Defog|[of] p2a: Uhh rilaboom\n|-sideend|p2: BillyTheFlash|Stealth Rock|[from] move: Defog|[of] p2a: Uhh rilaboom\n|move|p1a: \ud83e\udd17\ud83e\udd17\ud83e\udd17|Leech Seed|p2a: Uhh rilaboom\n|-start|p2a: Uhh rilaboom|move: Leech Seed\n|\n|-heal|p1a: \ud83e\udd17\ud83e\udd17\ud83e\udd17|90\/100|[from] item: Leftovers\n|-damage|p2a: Uhh rilaboom|68\/100|[from] Leech Seed|[of] p1a: \ud83e\udd17\ud83e\udd17\ud83e\udd17\n|-heal|p1a: \ud83e\udd17\ud83e\udd17\ud83e\udd17|100\/100|[silent]\n|upkeep\n|turn|90\n|\n|t:|1610168531\n|move|p2a: Uhh rilaboom|U-turn|p1a: \ud83e\udd17\ud83e\udd17\ud83e\udd17\n|-damage|p1a: \ud83e\udd17\ud83e\udd17\ud83e\udd17|92\/100\n|-damage|p2a: Uhh rilaboom|56\/100|[from] ability: Iron Barbs|[of] p1a: \ud83e\udd17\ud83e\udd17\ud83e\udd17\n|\n|t:|1610168533\n|switch|p2a: Fatass|Blissey, F|6\/100|[from]move: U-turn\n|move|p1a: \ud83e\udd17\ud83e\udd17\ud83e\udd17|Knock Off|p2a: Fatass\n|-damage|p2a: Fatass|0 fnt\n|faint|p2a: Fatass\n|\n|-heal|p1a: \ud83e\udd17\ud83e\udd17\ud83e\udd17|98\/100|[from] item: Leftovers\n|upkeep\n|\n|t:|1610168540\n|switch|p2a: Hot and spicy|Tangrowth, F, shiny|38\/100\n|turn|91\n|\n|t:|1610168552\n|move|p2a: Hot and spicy|Focus Blast|p1a: \ud83e\udd17\ud83e\udd17\ud83e\udd17\n|-supereffective|p1a: \ud83e\udd17\ud83e\udd17\ud83e\udd17\n|-damage|p1a: \ud83e\udd17\ud83e\udd17\ud83e\udd17|48\/100\n|move|p1a: \ud83e\udd17\ud83e\udd17\ud83e\udd17|Knock Off|p2a: Hot and spicy\n|-damage|p2a: Hot and spicy|26\/100\n|-damage|p1a: \ud83e\udd17\ud83e\udd17\ud83e\udd17|31\/100|[from] item: Rocky Helmet|[of] p2a: Hot and spicy\n|-enditem|p2a: Hot and spicy|Rocky Helmet|[from] move: Knock Off|[of] p1a: \ud83e\udd17\ud83e\udd17\ud83e\udd17\n|\n|-heal|p1a: \ud83e\udd17\ud83e\udd17\ud83e\udd17|37\/100|[from] item: Leftovers\n|upkeep\n|turn|92\n|\n|t:|1610168556\n|switch|p1a: \ud83d\udcab\ud83d\udcab\ud83d\udcab|Clefable, M, shiny|96\/100 psn\n|move|p2a: Hot and spicy|Focus Blast|p1a: \ud83d\udcab\ud83d\udcab\ud83d\udcab\n|-resisted|p1a: \ud83d\udcab\ud83d\udcab\ud83d\udcab\n|-damage|p1a: \ud83d\udcab\ud83d\udcab\ud83d\udcab|84\/100 psn\n|\n|upkeep\n|turn|93\n|\n|t:|1610168560\n|move|p1a: \ud83d\udcab\ud83d\udcab\ud83d\udcab|Wish|p1a: \ud83d\udcab\ud83d\udcab\ud83d\udcab\n|move|p2a: Hot and spicy|Knock Off|p1a: \ud83d\udcab\ud83d\udcab\ud83d\udcab\n|-resisted|p1a: \ud83d\udcab\ud83d\udcab\ud83d\udcab\n|-damage|p1a: \ud83d\udcab\ud83d\udcab\ud83d\udcab|77\/100 psn\n|\n|upkeep\n|turn|94\n|\n|t:|1610168564\n|switch|p1a: \ud83e\udd17\ud83e\udd17\ud83e\udd17|Ferrothorn, M, shiny|37\/100\n|move|p2a: Hot and spicy|Focus Blast|p1a: \ud83e\udd17\ud83e\udd17\ud83e\udd17\n|-supereffective|p1a: \ud83e\udd17\ud83e\udd17\ud83e\udd17\n|-damage|p1a: \ud83e\udd17\ud83e\udd17\ud83e\udd17|0 fnt\n|faint|p1a: \ud83e\udd17\ud83e\udd17\ud83e\udd17\n|\n|upkeep\n|\n|t:|1610168574\n|switch|p1a: \ud83e\udd30\ud83e\udd30\ud83e\udd30|Zapdos, shiny|69\/100 tox\n|turn|95\n|\n|t:|1610168577\n|switch|p2a: Tekeshi|Hippowdon, F|100\/100\n|-weather|Sandstorm|[from] ability: Sand Stream|[of] p2a: Tekeshi\n|move|p1a: \ud83e\udd30\ud83e\udd30\ud83e\udd30|Volt Switch|p2a: Tekeshi\n|-immune|p2a: Tekeshi\n|\n|-weather|Sandstorm|[upkeep]\n|-damage|p1a: \ud83e\udd30\ud83e\udd30\ud83e\udd30|63\/100 tox|[from] Sandstorm\n|-damage|p1a: \ud83e\udd30\ud83e\udd30\ud83e\udd30|57\/100 tox|[from] psn\n|upkeep\n|turn|96\n|\n|t:|1610168589\n|switch|p1a: \ud83d\udcab\ud83d\udcab\ud83d\udcab|Clefable, M, shiny|77\/100 psn\n|move|p2a: Tekeshi|Stealth Rock|p1a: \ud83d\udcab\ud83d\udcab\ud83d\udcab\n|-sidestart|p1: IM AT MY LIMIT|move: Stealth Rock\n|\n|-weather|Sandstorm|[upkeep]\n|upkeep\n|turn|97\n|\n|t:|1610168593\n|switch|p2a: Hot and spicy|Tangrowth, F, shiny|60\/100\n|move|p1a: \ud83d\udcab\ud83d\udcab\ud83d\udcab|Wish|p1a: \ud83d\udcab\ud83d\udcab\ud83d\udcab\n|\n|-weather|Sandstorm|[upkeep]\n|-damage|p2a: Hot and spicy|53\/100|[from] Sandstorm\n|upkeep\n|turn|98\n|\n|t:|1610168597\n|switch|p1a: \ud83e\udd30\ud83e\udd30\ud83e\udd30|Zapdos, shiny|57\/100 tox\n|switch|p2a: Uhh rilaboom|Corviknight, M|56\/100\n|-ability|p2a: Uhh rilaboom|Pressure\n|\n|-weather|Sandstorm|[upkeep]\n|-damage|p1a: \ud83e\udd30\ud83e\udd30\ud83e\udd30|51\/100 tox|[from] Sandstorm\n|-heal|p1a: \ud83e\udd30\ud83e\udd30\ud83e\udd30|100\/100 tox|[from] move: Wish|[wisher] \ud83d\udcab\ud83d\udcab\ud83d\udcab\n|-damage|p1a: \ud83e\udd30\ud83e\udd30\ud83e\udd30|94\/100 tox|[from] psn\n|upkeep\n|turn|99\n|\n|t:|1610168602\n|switch|p2a: Hot and spicy|Tangrowth, F, shiny|87\/100\n|move|p1a: \ud83e\udd30\ud83e\udd30\ud83e\udd30|Volt Switch|p2a: Hot and spicy\n|-resisted|p2a: Hot and spicy\n|-damage|p2a: Hot and spicy|63\/100\n|\n|t:|1610168608\n|switch|p1a: \ud83d\ude2c\ud83d\ude2c\ud83d\ude2c|Pelipper, M, shiny|88\/100|[from]move: Volt Switch\n|-damage|p1a: \ud83d\ude2c\ud83d\ude2c\ud83d\ude2c|63\/100|[from] Stealth Rock\n|-weather|RainDance|[from] ability: Drizzle|[of] p1a: \ud83d\ude2c\ud83d\ude2c\ud83d\ude2c\n|\n|-weather|RainDance|[upkeep]\n|upkeep\n|turn|100\n|\n|t:|1610168636\n|move|p2a: Hot and spicy|Giga Drain|p1a: \ud83d\ude2c\ud83d\ude2c\ud83d\ude2c\n|-damage|p1a: \ud83d\ude2c\ud83d\ude2c\ud83d\ude2c|22\/100\n|-heal|p2a: Hot and spicy|80\/100|[from] drain|[of] p1a: \ud83d\ude2c\ud83d\ude2c\ud83d\ude2c\n|move|p1a: \ud83d\ude2c\ud83d\ude2c\ud83d\ude2c|Defog|p2a: Hot and spicy\n|-unboost|p2a: Hot and spicy|evasion|1\n|-sideend|p1: IM AT MY LIMIT|Stealth Rock|[from] move: Defog|[of] p1a: \ud83d\ude2c\ud83d\ude2c\ud83d\ude2c\n|\n|-weather|RainDance|[upkeep]\n|upkeep\n|turn|101\n|\n|t:|1610168644\n|switch|p1a: \ud83e\udd30\ud83e\udd30\ud83e\udd30|Zapdos, shiny|94\/100 tox\n|move|p2a: Hot and spicy|Giga Drain|p1a: \ud83e\udd30\ud83e\udd30\ud83e\udd30\n|-resisted|p1a: \ud83e\udd30\ud83e\udd30\ud83e\udd30\n|-damage|p1a: \ud83e\udd30\ud83e\udd30\ud83e\udd30|77\/100 tox\n|-heal|p2a: Hot and spicy|86\/100|[from] drain|[of] p1a: \ud83e\udd30\ud83e\udd30\ud83e\udd30\n|\n|-weather|RainDance|[upkeep]\n|-damage|p1a: \ud83e\udd30\ud83e\udd30\ud83e\udd30|71\/100 tox|[from] psn\n|upkeep\n|turn|102\n|\n|t:|1610168648\n|switch|p2a: Tekeshi|Hippowdon, F|100\/100\n|-weather|Sandstorm|[from] ability: Sand Stream|[of] p2a: Tekeshi\n|move|p1a: \ud83e\udd30\ud83e\udd30\ud83e\udd30|Hurricane|p2a: Tekeshi|[miss]\n|-miss|p1a: \ud83e\udd30\ud83e\udd30\ud83e\udd30|p2a: Tekeshi\n|\n|-weather|Sandstorm|[upkeep]\n|-damage|p1a: \ud83e\udd30\ud83e\udd30\ud83e\udd30|65\/100 tox|[from] Sandstorm\n|-damage|p1a: \ud83e\udd30\ud83e\udd30\ud83e\udd30|53\/100 tox|[from] psn\n|upkeep\n|turn|103\n|\n|t:|1610168653\n|switch|p1a: \ud83d\ude2c\ud83d\ude2c\ud83d\ude2c|Pelipper, M, shiny|22\/100\n|-weather|RainDance|[from] ability: Drizzle|[of] p1a: \ud83d\ude2c\ud83d\ude2c\ud83d\ude2c\n|move|p2a: Tekeshi|Stealth Rock|p1a: \ud83d\ude2c\ud83d\ude2c\ud83d\ude2c\n|-sidestart|p1: IM AT MY LIMIT|move: Stealth Rock\n|\n|-weather|RainDance|[upkeep]\n|upkeep\n|turn|104\n|\n|t:|1610168661\n|switch|p2a: Uhh rilaboom|Corviknight, M|56\/100\n|-ability|p2a: Uhh rilaboom|Pressure\n|move|p1a: \ud83d\ude2c\ud83d\ude2c\ud83d\ude2c|Roost|p1a: \ud83d\ude2c\ud83d\ude2c\ud83d\ude2c\n|-heal|p1a: \ud83d\ude2c\ud83d\ude2c\ud83d\ude2c|72\/100\n|-singleturn|p1a: \ud83d\ude2c\ud83d\ude2c\ud83d\ude2c|move: Roost\n|\n|-weather|RainDance|[upkeep]\n|upkeep\n|turn|105\n|\n|t:|1610168669\n|move|p2a: Uhh rilaboom|Roost|p2a: Uhh rilaboom\n|-heal|p2a: Uhh rilaboom|100\/100\n|-singleturn|p2a: Uhh rilaboom|move: Roost\n|move|p1a: \ud83d\ude2c\ud83d\ude2c\ud83d\ude2c|Defog|p2a: Uhh rilaboom\n|-unboost|p2a: Uhh rilaboom|evasion|1\n|-sideend|p1: IM AT MY LIMIT|Stealth Rock|[from] move: Defog|[of] p1a: \ud83d\ude2c\ud83d\ude2c\ud83d\ude2c\n|\n|-weather|RainDance|[upkeep]\n|upkeep\n|turn|106\n|\n|t:|1610168686\n|switch|p2a: British yuck|Toxapex, F|98\/100\n|move|p1a: \ud83d\ude2c\ud83d\ude2c\ud83d\ude2c|Scald|p2a: British yuck\n|-resisted|p2a: British yuck\n|-damage|p2a: British yuck|81\/100\n|\n|-weather|RainDance|[upkeep]\n|upkeep\n|turn|107\n|\n|t:|1610168690\n|move|p1a: \ud83d\ude2c\ud83d\ude2c\ud83d\ude2c|U-turn|p2a: British yuck\n|-resisted|p2a: British yuck\n|-damage|p2a: British yuck|78\/100\n|\n|t:|1610168692\n|switch|p1a: \ud83e\udd30\ud83e\udd30\ud83e\udd30|Zapdos, shiny|53\/100 tox|[from]move: U-turn\n|move|p2a: British yuck|Toxic Spikes|p1a: \ud83e\udd30\ud83e\udd30\ud83e\udd30\n|-sidestart|p1: IM AT MY LIMIT|move: Toxic Spikes\n|\n|-weather|none\n|-damage|p1a: \ud83e\udd30\ud83e\udd30\ud83e\udd30|46\/100 tox|[from] psn\n|upkeep\n|turn|108\n|\n|t:|1610168699\n|switch|p1a: \ud83d\udcab\ud83d\udcab\ud83d\udcab|Clefable, M, shiny|77\/100 psn\n|switch|p2a: Tekeshi|Hippowdon, F|100\/100\n|-weather|Sandstorm|[from] ability: Sand Stream|[of] p2a: Tekeshi\n|\n|-weather|Sandstorm|[upkeep]\n|upkeep\n|turn|109\n|\n|t:|1610168702\n|move|p1a: \ud83d\udcab\ud83d\udcab\ud83d\udcab|Soft-Boiled|p1a: \ud83d\udcab\ud83d\udcab\ud83d\udcab\n|-heal|p1a: \ud83d\udcab\ud83d\udcab\ud83d\udcab|100\/100 psn\n|move|p2a: Tekeshi|Earthquake|p1a: \ud83d\udcab\ud83d\udcab\ud83d\udcab\n|-damage|p1a: \ud83d\udcab\ud83d\udcab\ud83d\udcab|66\/100 psn\n|\n|-weather|Sandstorm|[upkeep]\n|upkeep\n|turn|110\n|\n|t:|1610168707\n|move|p1a: \ud83d\udcab\ud83d\udcab\ud83d\udcab|Soft-Boiled|p1a: \ud83d\udcab\ud83d\udcab\ud83d\udcab\n|-heal|p1a: \ud83d\udcab\ud83d\udcab\ud83d\udcab|100\/100 psn\n|move|p2a: Tekeshi|Stealth Rock|p1a: \ud83d\udcab\ud83d\udcab\ud83d\udcab\n|-sidestart|p1: IM AT MY LIMIT|move: Stealth Rock\n|\n|-weather|Sandstorm|[upkeep]\n|upkeep\n|turn|111\n|\n|t:|1610168713\n|move|p1a: \ud83d\udcab\ud83d\udcab\ud83d\udcab|Wish|p1a: \ud83d\udcab\ud83d\udcab\ud83d\udcab\n|move|p2a: Tekeshi|Earthquake|p1a: \ud83d\udcab\ud83d\udcab\ud83d\udcab\n|-damage|p1a: \ud83d\udcab\ud83d\udcab\ud83d\udcab|68\/100 psn\n|\n|-weather|Sandstorm|[upkeep]\n|upkeep\n|turn|112\n|\n|t:|1610168719\n|switch|p1a: \ud83e\udd30\ud83e\udd30\ud83e\udd30|Zapdos, shiny|46\/100 tox\n|move|p2a: Tekeshi|Earthquake|p1a: \ud83e\udd30\ud83e\udd30\ud83e\udd30\n|-immune|p1a: \ud83e\udd30\ud83e\udd30\ud83e\udd30\n|\n|-weather|none\n|-heal|p1a: \ud83e\udd30\ud83e\udd30\ud83e\udd30|100\/100 tox|[from] move: Wish|[wisher] \ud83d\udcab\ud83d\udcab\ud83d\udcab\n|-damage|p1a: \ud83e\udd30\ud83e\udd30\ud83e\udd30|94\/100 tox|[from] psn\n|upkeep\n|turn|113\n|\n|t:|1610168733\n|switch|p1a: \ud83d\udcab\ud83d\udcab\ud83d\udcab|Clefable, M, shiny|68\/100 psn\n|switch|p2a: Hot and spicy|Tangrowth, F, shiny|100\/100\n|\n|upkeep\n|turn|114\n|\n|t:|1610168738\n|move|p1a: \ud83d\udcab\ud83d\udcab\ud83d\udcab|Stealth Rock|p2a: Hot and spicy\n|-sidestart|p2: BillyTheFlash|move: Stealth Rock\n|move|p2a: Hot and spicy|Knock Off|p1a: \ud83d\udcab\ud83d\udcab\ud83d\udcab\n|-resisted|p1a: \ud83d\udcab\ud83d\udcab\ud83d\udcab\n|-damage|p1a: \ud83d\udcab\ud83d\udcab\ud83d\udcab|61\/100 psn\n|\n|upkeep\n|turn|115\n|\n|t:|1610168748\n|move|p1a: \ud83d\udcab\ud83d\udcab\ud83d\udcab|Soft-Boiled|p1a: \ud83d\udcab\ud83d\udcab\ud83d\udcab\n|-heal|p1a: \ud83d\udcab\ud83d\udcab\ud83d\udcab|100\/100 psn\n|move|p2a: Hot and spicy|Giga Drain|p1a: \ud83d\udcab\ud83d\udcab\ud83d\udcab\n|-damage|p1a: \ud83d\udcab\ud83d\udcab\ud83d\udcab|80\/100 psn\n|\n|upkeep\n|turn|116\n|\n|t:|1610168752\n|move|p1a: \ud83d\udcab\ud83d\udcab\ud83d\udcab|Wish|p1a: \ud83d\udcab\ud83d\udcab\ud83d\udcab\n|move|p2a: Hot and spicy|Knock Off|p1a: \ud83d\udcab\ud83d\udcab\ud83d\udcab\n|-resisted|p1a: \ud83d\udcab\ud83d\udcab\ud83d\udcab\n|-damage|p1a: \ud83d\udcab\ud83d\udcab\ud83d\udcab|73\/100 psn\n|\n|upkeep\n|turn|117\n|\n|t:|1610168757\n|switch|p1a: \ud83d\ude2c\ud83d\ude2c\ud83d\ude2c|Pelipper, M, shiny|72\/100\n|-damage|p1a: \ud83d\ude2c\ud83d\ude2c\ud83d\ude2c|47\/100|[from] Stealth Rock\n|-weather|RainDance|[from] ability: Drizzle|[of] p1a: \ud83d\ude2c\ud83d\ude2c\ud83d\ude2c\n|switch|p2a: British yuck|Toxapex, F|100\/100\n|-damage|p2a: British yuck|88\/100|[from] Stealth Rock\n|\n|-weather|RainDance|[upkeep]\n|-heal|p1a: \ud83d\ude2c\ud83d\ude2c\ud83d\ude2c|100\/100|[from] move: Wish|[wisher] \ud83d\udcab\ud83d\udcab\ud83d\udcab\n|upkeep\n|turn|118\n|\n|t:|1610168766\n|move|p1a: \ud83d\ude2c\ud83d\ude2c\ud83d\ude2c|Defog|p2a: British yuck\n|-unboost|p2a: British yuck|evasion|1\n|-sideend|p2: BillyTheFlash|Stealth Rock|[from] move: Defog|[of] p1a: \ud83d\ude2c\ud83d\ude2c\ud83d\ude2c\n|-sideend|p1: IM AT MY LIMIT|Toxic Spikes|[from] move: Defog|[of] p1a: \ud83d\ude2c\ud83d\ude2c\ud83d\ude2c\n|-sideend|p1: IM AT MY LIMIT|Stealth Rock|[from] move: Defog|[of] p1a: \ud83d\ude2c\ud83d\ude2c\ud83d\ude2c\n|move|p2a: British yuck|Toxic Spikes|p1a: \ud83d\ude2c\ud83d\ude2c\ud83d\ude2c\n|-sidestart|p1: IM AT MY LIMIT|move: Toxic Spikes\n|\n|-weather|RainDance|[upkeep]\n|upkeep\n|turn|119\n|\n|t:|1610168776\n|move|p1a: \ud83d\ude2c\ud83d\ude2c\ud83d\ude2c|Defog|p2a: British yuck\n|-unboost|p2a: British yuck|evasion|1\n|-sideend|p1: IM AT MY LIMIT|Toxic Spikes|[from] move: Defog|[of] p1a: \ud83d\ude2c\ud83d\ude2c\ud83d\ude2c\n|move|p2a: British yuck|Scald|p1a: \ud83d\ude2c\ud83d\ude2c\ud83d\ude2c\n|-resisted|p1a: \ud83d\ude2c\ud83d\ude2c\ud83d\ude2c\n|-damage|p1a: \ud83d\ude2c\ud83d\ude2c\ud83d\ude2c|83\/100\n|\n|-weather|RainDance|[upkeep]\n|upkeep\n|turn|120\n|\n|t:|1610168784\n|switch|p1a: \ud83e\udd30\ud83e\udd30\ud83e\udd30|Zapdos, shiny|94\/100 tox\n|move|p2a: British yuck|Toxic Spikes|p1a: \ud83e\udd30\ud83e\udd30\ud83e\udd30\n|-sidestart|p1: IM AT MY LIMIT|move: Toxic Spikes\n|\n|-weather|RainDance|[upkeep]\n|-damage|p1a: \ud83e\udd30\ud83e\udd30\ud83e\udd30|88\/100 tox|[from] psn\n|upkeep\n|turn|121\n|\n|t:|1610168801\n|switch|p2a: Hot and spicy|Tangrowth, F, shiny|100\/100\n|move|p1a: \ud83e\udd30\ud83e\udd30\ud83e\udd30|Hurricane|p2a: Hot and spicy\n|-supereffective|p2a: Hot and spicy\n|-damage|p2a: Hot and spicy|0 fnt\n|faint|p2a: Hot and spicy\n|\n|-weather|none\n|-damage|p1a: \ud83e\udd30\ud83e\udd30\ud83e\udd30|76\/100 tox|[from] psn\n|upkeep\n|\n|t:|1610168811\n|switch|p2a: Tekeshi|Hippowdon, F|100\/100\n|-weather|Sandstorm|[from] ability: Sand Stream|[of] p2a: Tekeshi\n|turn|122\n|\n|t:|1610168825\n|switch|p1a: \ud83d\ude2c\ud83d\ude2c\ud83d\ude2c|Pelipper, M, shiny|83\/100\n|-weather|RainDance|[from] ability: Drizzle|[of] p1a: \ud83d\ude2c\ud83d\ude2c\ud83d\ude2c\n|move|p2a: Tekeshi|Earthquake|p1a: \ud83d\ude2c\ud83d\ude2c\ud83d\ude2c\n|-immune|p1a: \ud83d\ude2c\ud83d\ude2c\ud83d\ude2c\n|\n|-weather|RainDance|[upkeep]\n|upkeep\n|turn|123\n|\n|t:|1610168831\n|move|p1a: \ud83d\ude2c\ud83d\ude2c\ud83d\ude2c|Scald|p2a: Tekeshi\n|-supereffective|p2a: Tekeshi\n|-damage|p2a: Tekeshi|46\/100\n|-status|p2a: Tekeshi|brn\n|move|p2a: Tekeshi|Stealth Rock|p1a: \ud83d\ude2c\ud83d\ude2c\ud83d\ude2c\n|-sidestart|p1: IM AT MY LIMIT|move: Stealth Rock\n|\n|-weather|RainDance|[upkeep]\n|-heal|p2a: Tekeshi|52\/100 brn|[from] item: Leftovers\n|-damage|p2a: Tekeshi|46\/100 brn|[from] brn\n|upkeep\n|turn|124\n|\n|t:|1610168835\n|move|p1a: \ud83d\ude2c\ud83d\ude2c\ud83d\ude2c|Scald|p2a: Tekeshi\n|-supereffective|p2a: Tekeshi\n|-damage|p2a: Tekeshi|0 fnt\n|faint|p2a: Tekeshi\n|\n|-weather|RainDance|[upkeep]\n|upkeep\n|\n|t:|1610168841\n|switch|p2a: Uhh rilaboom|Corviknight, M|100\/100\n|-ability|p2a: Uhh rilaboom|Pressure\n|turn|125\n|\n|t:|1610168852\n|move|p2a: Uhh rilaboom|Brave Bird|p1a: \ud83d\ude2c\ud83d\ude2c\ud83d\ude2c\n|-damage|p1a: \ud83d\ude2c\ud83d\ude2c\ud83d\ude2c|55\/100\n|-damage|p2a: Uhh rilaboom|93\/100|[from] Recoil\n|move|p1a: \ud83d\ude2c\ud83d\ude2c\ud83d\ude2c|Defog|p2a: Uhh rilaboom\n|-unboost|p2a: Uhh rilaboom|evasion|1\n|-sideend|p1: IM AT MY LIMIT|Toxic Spikes|[from] move: Defog|[of] p1a: \ud83d\ude2c\ud83d\ude2c\ud83d\ude2c\n|-sideend|p1: IM AT MY LIMIT|Stealth Rock|[from] move: Defog|[of] p1a: \ud83d\ude2c\ud83d\ude2c\ud83d\ude2c\n|\n|-weather|RainDance|[upkeep]\n|upkeep\n|turn|126\n|inactive|BillyTheFlash has 270 seconds left.\n|\n|t:|1610168863\n|switch|p1a: \ud83e\udd30\ud83e\udd30\ud83e\udd30|Zapdos, shiny|76\/100 tox\n|move|p2a: Uhh rilaboom|Brave Bird|p1a: \ud83e\udd30\ud83e\udd30\ud83e\udd30\n|-resisted|p1a: \ud83e\udd30\ud83e\udd30\ud83e\udd30\n|-damage|p1a: \ud83e\udd30\ud83e\udd30\ud83e\udd30|54\/100 tox\n|-status|p2a: Uhh rilaboom|par|[from] ability: Static|[of] p1a: \ud83e\udd30\ud83e\udd30\ud83e\udd30\n|-damage|p2a: Uhh rilaboom|87\/100 par|[from] Recoil\n|\n|-weather|none\n|-damage|p1a: \ud83e\udd30\ud83e\udd30\ud83e\udd30|48\/100 tox|[from] psn\n|upkeep\n|turn|127\n|inactive|BillyTheFlash has 270 seconds left.\n|\n|t:|1610168872\n|move|p1a: \ud83e\udd30\ud83e\udd30\ud83e\udd30|Volt Switch|p2a: Uhh rilaboom\n|-supereffective|p2a: Uhh rilaboom\n|-damage|p2a: Uhh rilaboom|34\/100 par\n|\n|t:|1610168874\n|switch|p1a: \ud83d\udc41\ud83d\udc43\ud83d\udc41|Barraskewda, F, shiny|100\/100|[from]move: Volt Switch\n|move|p2a: Uhh rilaboom|U-turn|p1a: \ud83d\udc41\ud83d\udc43\ud83d\udc41\n|-damage|p1a: \ud83d\udc41\ud83d\udc43\ud83d\udc41|70\/100\n|inactive|BillyTheFlash has 270 seconds left.\n|\n|t:|1610168896\n|switch|p2a: British yuck|Toxapex, F|100\/100|[from]move: U-turn\n|\n|upkeep\n|turn|128\n|\n|t:|1610168900\n|move|p1a: \ud83d\udc41\ud83d\udc43\ud83d\udc41|Psychic Fangs|p2a: British yuck\n|-supereffective|p2a: British yuck\n|-crit|p2a: British yuck\n|-damage|p2a: British yuck|12\/100\n|move|p2a: British yuck|Scald|p1a: \ud83d\udc41\ud83d\udc43\ud83d\udc41\n|-resisted|p1a: \ud83d\udc41\ud83d\udc43\ud83d\udc41\n|-damage|p1a: \ud83d\udc41\ud83d\udc43\ud83d\udc41|50\/100\n|\n|upkeep\n|turn|129\n|\n|t:|1610168911\n|move|p1a: \ud83d\udc41\ud83d\udc43\ud83d\udc41|Psychic Fangs|p2a: British yuck\n|-supereffective|p2a: British yuck\n|-damage|p2a: British yuck|0 fnt\n|faint|p2a: British yuck\n|\n|upkeep\n|\n|t:|1610168915\n|switch|p2a: Uhh rilaboom|Corviknight, M|34\/100 par\n|-ability|p2a: Uhh rilaboom|Pressure\n|turn|130\n|\n|t:|1610168918\n|move|p1a: \ud83d\udc41\ud83d\udc43\ud83d\udc41|Psychic Fangs|p2a: Uhh rilaboom\n|-resisted|p2a: Uhh rilaboom\n|-damage|p2a: Uhh rilaboom|15\/100 par\n|move|p2a: Uhh rilaboom|Brave Bird|p1a: \ud83d\udc41\ud83d\udc43\ud83d\udc41\n|-damage|p1a: \ud83d\udc41\ud83d\udc43\ud83d\udc41|0 fnt\n|-damage|p2a: Uhh rilaboom|4\/100 par|[from] Recoil\n|faint|p1a: \ud83d\udc41\ud83d\udc43\ud83d\udc41\n|\n|upkeep\n|\n|t:|1610168922\n|switch|p1a: \ud83e\udd30\ud83e\udd30\ud83e\udd30|Zapdos, shiny|48\/100 tox\n|turn|131\n|\n|t:|1610168929\n|move|p1a: \ud83e\udd30\ud83e\udd30\ud83e\udd30|Weather Ball|p2a: Uhh rilaboom\n|-resisted|p2a: Uhh rilaboom\n|-damage|p2a: Uhh rilaboom|0 fnt\n|faint|p2a: Uhh rilaboom\n|\n|win|IM AT MY LIMIT\n","uploadtime":1610168934,"views":52,"p1id":"imatmylimit","p2id":"billytheflash","formatid":"gen8ou","rating":0,"private":0,"password":null}