{"id":"gen8ou-1664655101","p1":"Capital Cruiser","p2":"minimax_ai","format":"gen8ou","log":"|j|\u203dCapital Cruiser\n|j|\u2606minimax_ai\n|t:|1663217087\n|gametype|singles\n|player|p1|Capital Cruiser|cheren-gen5bw2|1396\n|player|p2|minimax_ai|lusamine-nihilego|1474\n|teamsize|p1|6\n|teamsize|p2|6\n|gen|8\n|tier|[Gen 8] OU\n|rated|\n|rule|Sleep Clause Mod: Limit one foe put to sleep\n|rule|Species Clause: Limit one of each Pok\u00e9mon\n|rule|OHKO Clause: OHKO moves are banned\n|rule|Evasion Items Clause: Evasion items are banned\n|rule|Evasion Moves Clause: Evasion moves are banned\n|rule|Endless Battle Clause: Forcing endless battles is banned\n|rule|HP Percentage Mod: HP is shown in percentages\n|rule|Dynamax Clause: You cannot dynamax\n|clearpoke\n|poke|p1|Aegislash, M|\n|poke|p1|Dragapult, M|\n|poke|p1|Moltres-Galar|\n|poke|p1|Heatran, M|\n|poke|p1|Corviknight, M|\n|poke|p1|Mamoswine, F|\n|poke|p2|Rotom-Wash|\n|poke|p2|Weavile, M|\n|poke|p2|Landorus-Therian, M|\n|poke|p2|Heatran, M|\n|poke|p2|Tangrowth, M|\n|poke|p2|Melmetal|\n|teampreview\n|inactive|Battle timer is ON: inactive players will automatically lose when time's up. (requested by Capital Cruiser)\n|c|\u2606minimax_ai|hf\n|inactive|minimax_ai also wants the timer to be on.\n|\n|t:|1663217093\n|start\n|switch|p1a: Dragapult|Dragapult, M, shiny|100\/100\n|switch|p2a: Melmetal|Melmetal|100\/100\n|turn|1\n|\n|t:|1663217098\n|switch|p1a: Corviknight|Corviknight, M, shiny|100\/100\n|-ability|p1a: Corviknight|Pressure\n|move|p2a: Melmetal|Ice Punch|p1a: Corviknight\n|-damage|p1a: Corviknight|80\/100\n|-damage|p2a: Melmetal|84\/100|[from] item: Rocky Helmet|[of] p1a: Corviknight\n|\n|upkeep\n|turn|2\n|\n|t:|1663217102\n|switch|p1a: Dragapult|Dragapult, M, shiny|100\/100\n|move|p2a: Melmetal|Double Iron Bash|p1a: Dragapult\n|-damage|p1a: Dragapult|45\/100\n|-damage|p1a: Dragapult|0 fnt\n|faint|p1a: Dragapult\n|-hitcount|p1: Dragapult|2\n|\n|upkeep\n|-message|Capital Cruiser forfeited.\n|\n|win|minimax_ai\n|raw|Capital Cruiser's rating: 1396 &rarr; <strong>1380<\/strong><br \/>(-16 for losing)\n|raw|minimax_ai's rating: 1474 &rarr; <strong>1490<\/strong><br \/>(+16 for winning)\n|c|\u2606minimax_ai|gg\n|l|\u203dCapital Cruiser\n","uploadtime":1663217107,"views":23,"p1id":"capitalcruiser","p2id":"minimaxai","formatid":"gen8ou","rating":1380,"private":0,"password":null}