{"id":"gen8ou-1627143674","p1":"LT91BB FustJranco","p2":"pokeda","format":"gen8ou","log":"|raw|<div class=\"broadcast-blue\"><strong>This battle is required to be public due to a player having a name starting with 'lt91bb'.<\/div>\n|j|\u2606LT91BB FustJranco\n|j|\u2606pokeda\n|t:|1659022454\n|gametype|singles\n|player|p1|LT91BB FustJranco|winona-gen6|1690\n|player|p2|pokeda|oleana|1704\n|teamsize|p1|6\n|teamsize|p2|6\n|gen|8\n|tier|[Gen 8] OU\n|rated|\n|rule|Sleep Clause Mod: Limit one foe put to sleep\n|rule|Species Clause: Limit one of each Pok\u00e9mon\n|rule|OHKO Clause: OHKO moves are banned\n|rule|Evasion Moves Clause: Evasion moves are banned\n|rule|Endless Battle Clause: Forcing endless battles is banned\n|rule|HP Percentage Mod: HP is shown in percentages\n|rule|Dynamax Clause: You cannot dynamax\n|clearpoke\n|poke|p1|Tapu Lele|\n|poke|p1|Blacephalon|\n|poke|p1|Tyranitar, M|\n|poke|p1|Landorus-Therian, M|\n|poke|p1|Corviknight, M|\n|poke|p1|Toxapex, F|\n|poke|p2|Dragapult, M|\n|poke|p2|Clefable, F|\n|poke|p2|Landorus-Therian, M|\n|poke|p2|Heatran, M|\n|poke|p2|Slowbro, F|\n|poke|p2|Buzzwole|\n|teampreview\n|inactive|Battle timer is ON: inactive players will automatically lose when time's up. (requested by LT91BB FustJranco)\n|inactive|pokeda has 120 seconds left.\n|\n|t:|1659022501\n|start\n|switch|p1a: Tyranitar|Tyranitar, M|100\/100\n|switch|p2a: Clefable|Clefable, F|100\/100\n|-weather|Sandstorm|[from] ability: Sand Stream|[of] p1a: Tyranitar\n|turn|1\n|\n|t:|1659022509\n|switch|p2a: Buzzwole|Buzzwole|100\/100\n|move|p1a: Tyranitar|Stone Edge|p2a: Buzzwole\n|-crit|p2a: Buzzwole\n|-damage|p2a: Buzzwole|15\/100\n|\n|-weather|Sandstorm|[upkeep]\n|-damage|p2a: Buzzwole|9\/100|[from] Sandstorm\n|upkeep\n|turn|2\n|\n|t:|1659022518\n|switch|p1a: Toxapex|Toxapex, F|100\/100\n|move|p2a: Buzzwole|Roost|p2a: Buzzwole\n|-heal|p2a: Buzzwole|59\/100\n|-singleturn|p2a: Buzzwole|move: Roost\n|\n|-weather|Sandstorm|[upkeep]\n|-damage|p2a: Buzzwole|53\/100|[from] Sandstorm\n|-damage|p1a: Toxapex|95\/100|[from] Sandstorm\n|upkeep\n|turn|3\n|\n|t:|1659022527\n|move|p2a: Buzzwole|Roost|p2a: Buzzwole\n|-heal|p2a: Buzzwole|100\/100\n|-singleturn|p2a: Buzzwole|move: Roost\n|move|p1a: Toxapex|Knock Off|p2a: Buzzwole\n|-resisted|p2a: Buzzwole\n|-damage|p2a: Buzzwole|95\/100\n|-damage|p1a: Toxapex|78\/100|[from] item: Rocky Helmet|[of] p2a: Buzzwole\n|-enditem|p2a: Buzzwole|Rocky Helmet|[from] move: Knock Off|[of] p1a: Toxapex\n|\n|-weather|Sandstorm|[upkeep]\n|-damage|p2a: Buzzwole|89\/100|[from] Sandstorm\n|-damage|p1a: Toxapex|72\/100|[from] Sandstorm\n|upkeep\n|turn|4\n|\n|t:|1659022532\n|switch|p2a: Slowbro|Slowbro, F|100\/100\n|move|p1a: Toxapex|Poison Jab|p2a: Slowbro\n|-damage|p2a: Slowbro|85\/100\n|\n|-weather|Sandstorm|[upkeep]\n|-damage|p1a: Toxapex|66\/100|[from] Sandstorm\n|-damage|p2a: Slowbro|79\/100|[from] Sandstorm\n|upkeep\n|turn|5\n|\n|t:|1659022539\n|switch|p1a: Landorus|Landorus-Therian, M|100\/100\n|-ability|p1a: Landorus|Intimidate|boost\n|-unboost|p2a: Slowbro|atk|1\n|move|p2a: Slowbro|Future Sight|p1a: Landorus\n|-start|p2a: Slowbro|move: Future Sight\n|\n|-weather|none\n|upkeep\n|turn|6\n|\n|t:|1659022546\n|move|p1a: Landorus|Stealth Rock|p2a: Slowbro\n|-sidestart|p2: pokeda|move: Stealth Rock\n|move|p2a: Slowbro|Scald|p1a: Landorus\n|-supereffective|p1a: Landorus\n|-damage|p1a: Landorus|51\/100\n|-status|p1a: Landorus|brn\n|\n|-heal|p1a: Landorus|57\/100 brn|[from] item: Leftovers\n|-damage|p1a: Landorus|51\/100 brn|[from] brn\n|upkeep\n|turn|7\n|\n|t:|1659022555\n|move|p1a: Landorus|U-turn|p2a: Slowbro\n|-supereffective|p2a: Slowbro\n|-damage|p2a: Slowbro|58\/100\n|\n|t:|1659022559\n|switch|p1a: Tyranitar|Tyranitar, M|100\/100|[from]move: U-turn\n|-weather|Sandstorm|[from] ability: Sand Stream|[of] p1a: Tyranitar\n|move|p2a: Slowbro|Teleport|p2a: Slowbro\n|\n|t:|1659022572\n|switch|p2a: Buzzwole|Buzzwole|89\/100|[from]move: Teleport\n|-damage|p2a: Buzzwole|77\/100|[from] Stealth Rock\n|\n|-weather|Sandstorm|[upkeep]\n|-damage|p2a: Buzzwole|71\/100|[from] Sandstorm\n|-end|p1a: Tyranitar|move: Future Sight\n|-immune|p1a: Tyranitar\n|upkeep\n|turn|8\n|\n|t:|1659022576\n|switch|p1a: Toxapex|Toxapex, F|99\/100\n|move|p2a: Buzzwole|Roost|p2a: Buzzwole\n|-heal|p2a: Buzzwole|100\/100\n|-singleturn|p2a: Buzzwole|move: Roost\n|\n|-weather|Sandstorm|[upkeep]\n|-damage|p2a: Buzzwole|94\/100|[from] Sandstorm\n|-damage|p1a: Toxapex|94\/100|[from] Sandstorm\n|upkeep\n|turn|9\n|\n|t:|1659022584\n|move|p2a: Buzzwole|Earthquake|p1a: Toxapex\n|-supereffective|p1a: Toxapex\n|-damage|p1a: Toxapex|50\/100\n|-enditem|p1a: Toxapex|Eject Button\n|\n|t:|1659022588\n|switch|p1a: Tapu Lele|Tapu Lele|100\/100\n|-fieldstart|move: Psychic Terrain|[from] ability: Psychic Surge|[of] p1a: Tapu Lele\n|\n|-weather|Sandstorm|[upkeep]\n|-damage|p1a: Tapu Lele|94\/100|[from] Sandstorm\n|-damage|p2a: Buzzwole|88\/100|[from] Sandstorm\n|upkeep\n|turn|10\n|\n|t:|1659022593\n|switch|p1a: Tyranitar|Tyranitar, M|100\/100\n|switch|p2a: Slowbro|Slowbro, F|91\/100\n|\n|-weather|Sandstorm|[upkeep]\n|-damage|p2a: Slowbro|85\/100|[from] Sandstorm\n|upkeep\n|turn|11\n|\n|t:|1659022610\n|switch|p2a: Buzzwole|Buzzwole|88\/100\n|-damage|p2a: Buzzwole|76\/100|[from] Stealth Rock\n|move|p1a: Tyranitar|Stone Edge|p2a: Buzzwole|[miss]\n|-miss|p1a: Tyranitar|p2a: Buzzwole\n|\n|-weather|none\n|upkeep\n|turn|12\n|\n|t:|1659022616\n|switch|p1a: Corviknight|Corviknight, M|100\/100\n|-ability|p1a: Corviknight|Pressure\n|move|p2a: Buzzwole|Roost|p2a: Buzzwole\n|-heal|p2a: Buzzwole|100\/100\n|-singleturn|p2a: Buzzwole|move: Roost\n|\n|upkeep\n|turn|13\n|\n|t:|1659022646\n|switch|p2a: Clefable|Clefable, F|100\/100\n|move|p1a: Corviknight|U-turn|p2a: Clefable\n|-resisted|p2a: Clefable\n|-damage|p2a: Clefable|94\/100\n|\n|t:|1659022658\n|switch|p1a: Tyranitar|Tyranitar, M|100\/100|[from]move: U-turn\n|-weather|Sandstorm|[from] ability: Sand Stream|[of] p1a: Tyranitar\n|\n|-weather|Sandstorm|[upkeep]\n|-heal|p2a: Clefable|99\/100|[from] item: Leftovers\n|-fieldend|move: Psychic Terrain\n|upkeep\n|turn|14\n|\n|t:|1659022669\n|move|p1a: Tyranitar|Stone Edge|p2a: Clefable\n|-damage|p2a: Clefable|24\/100\n|move|p2a: Clefable|Knock Off|p1a: Tyranitar\n|-resisted|p1a: Tyranitar\n|-damage|p1a: Tyranitar|94\/100\n|-enditem|p1a: Tyranitar|Choice Band|[from] move: Knock Off|[of] p2a: Clefable\n|\n|-weather|Sandstorm|[upkeep]\n|-heal|p2a: Clefable|30\/100|[from] item: Leftovers\n|upkeep\n|turn|15\n|\n|t:|1659022688\n|switch|p1a: Blacephalon|Blacephalon|100\/100\n|switch|p2a: Landorus|Landorus-Therian, M|100\/100\n|-damage|p2a: Landorus|88\/100|[from] Stealth Rock\n|-ability|p2a: Landorus|Intimidate|boost\n|-unboost|p1a: Blacephalon|atk|1\n|\n|-weather|Sandstorm|[upkeep]\n|-damage|p1a: Blacephalon|94\/100|[from] Sandstorm\n|-heal|p2a: Landorus|94\/100|[from] item: Leftovers\n|upkeep\n|turn|16\n|\n|t:|1659022694\n|switch|p1a: Corviknight|Corviknight, M|100\/100\n|-ability|p1a: Corviknight|Pressure\n|move|p2a: Landorus|Earthquake|p1a: Corviknight\n|-immune|p1a: Corviknight\n|\n|-weather|Sandstorm|[upkeep]\n|-heal|p2a: Landorus|99\/100|[from] item: Leftovers\n|upkeep\n|turn|17\n|\n|t:|1659022698\n|move|p2a: Landorus|Defog|p1a: Corviknight\n|-unboost|p1a: Corviknight|evasion|1\n|-sideend|p2: pokeda|Stealth Rock|[from] move: Defog|[of] p2a: Landorus\n|move|p1a: Corviknight|U-turn|p2a: Landorus\n|-resisted|p2a: Landorus\n|-damage|p2a: Landorus|94\/100\n|\n|t:|1659022705\n|switch|p1a: Landorus|Landorus-Therian, M|51\/100 brn|[from]move: U-turn\n|-ability|p1a: Landorus|Intimidate|boost\n|-unboost|p2a: Landorus|atk|1\n|\n|-weather|none\n|-heal|p1a: Landorus|57\/100 brn|[from] item: Leftovers\n|-heal|p2a: Landorus|99\/100|[from] item: Leftovers\n|-damage|p1a: Landorus|51\/100 brn|[from] brn\n|upkeep\n|turn|18\n|\n|t:|1659022711\n|move|p1a: Landorus|Stealth Rock|p2a: Landorus\n|-sidestart|p2: pokeda|move: Stealth Rock\n|move|p2a: Landorus|U-turn|p1a: Landorus\n|-resisted|p1a: Landorus\n|-damage|p1a: Landorus|44\/100 brn\n|\n|t:|1659022716\n|switch|p2a: Clefable|Clefable, F|30\/100|[from]move: U-turn\n|\n|-heal|p1a: Landorus|50\/100 brn|[from] item: Leftovers\n|-heal|p2a: Clefable|37\/100|[from] item: Leftovers\n|-damage|p1a: Landorus|44\/100 brn|[from] brn\n|upkeep\n|turn|19\n|\n|t:|1659022722\n|move|p1a: Landorus|Knock Off|p2a: Clefable\n|-resisted|p2a: Clefable\n|-damage|p2a: Clefable|30\/100\n|-enditem|p2a: Clefable|Leftovers|[from] move: Knock Off|[of] p1a: Landorus\n|move|p2a: Clefable|Knock Off|p1a: Landorus\n|-damage|p1a: Landorus|30\/100 brn\n|-enditem|p1a: Landorus|Leftovers|[from] move: Knock Off|[of] p2a: Clefable\n|\n|-damage|p1a: Landorus|24\/100 brn|[from] brn\n|upkeep\n|turn|20\n|\n|t:|1659022726\n|move|p1a: Landorus|U-turn|p2a: Clefable\n|-resisted|p2a: Clefable\n|-damage|p2a: Clefable|25\/100\n|\n|t:|1659022728\n|switch|p1a: Blacephalon|Blacephalon|94\/100|[from]move: U-turn\n|move|p2a: Clefable|Soft-Boiled|p2a: Clefable\n|-heal|p2a: Clefable|75\/100\n|\n|upkeep\n|turn|21\n|\n|t:|1659022752\n|move|p1a: Blacephalon|Shadow Ball|p2a: Clefable\n|-damage|p2a: Clefable|35\/100\n|move|p2a: Clefable|Knock Off|p1a: Blacephalon\n|-supereffective|p1a: Blacephalon\n|-damage|p1a: Blacephalon|27\/100\n|-enditem|p1a: Blacephalon|Heavy-Duty Boots|[from] move: Knock Off|[of] p2a: Clefable\n|\n|upkeep\n|turn|22\n|\n|t:|1659022765\n|switch|p2a: Landorus|Landorus-Therian, M|99\/100\n|-damage|p2a: Landorus|87\/100|[from] Stealth Rock\n|-ability|p2a: Landorus|Intimidate|boost\n|-unboost|p1a: Blacephalon|atk|1\n|move|p1a: Blacephalon|Shadow Ball|p2a: Landorus\n|-damage|p2a: Landorus|52\/100\n|\n|-heal|p2a: Landorus|58\/100|[from] item: Leftovers\n|upkeep\n|turn|23\n|\n|t:|1659022784\n|move|p1a: Blacephalon|Shadow Ball|p2a: Landorus\n|-damage|p2a: Landorus|22\/100\n|move|p2a: Landorus|Earthquake|p1a: Blacephalon\n|-supereffective|p1a: Blacephalon\n|-damage|p1a: Blacephalon|0 fnt\n|faint|p1a: Blacephalon\n|\n|-heal|p2a: Landorus|29\/100|[from] item: Leftovers\n|upkeep\n|\n|t:|1659022787\n|switch|p1a: Tapu Lele|Tapu Lele|94\/100\n|-fieldstart|move: Psychic Terrain|[from] ability: Psychic Surge|[of] p1a: Tapu Lele\n|turn|24\n|\n|t:|1659022793\n|switch|p2a: Slowbro|Slowbro, F|100\/100\n|move|p1a: Tapu Lele|Moonblast|p2a: Slowbro\n|-crit|p2a: Slowbro\n|-damage|p2a: Slowbro|45\/100\n|\n|upkeep\n|turn|25\n|\n|t:|1659022799\n|switch|p1a: Tyranitar|Tyranitar, M|94\/100\n|-weather|Sandstorm|[from] ability: Sand Stream|[of] p1a: Tyranitar\n|switch|p2a: Heatran|Heatran, M|100\/100\n|-damage|p2a: Heatran|88\/100|[from] Stealth Rock\n|\n|-weather|Sandstorm|[upkeep]\n|upkeep\n|turn|26\n|\n|t:|1659022810\n|switch|p2a: Buzzwole|Buzzwole|100\/100\n|-damage|p2a: Buzzwole|88\/100|[from] Stealth Rock\n|move|p1a: Tyranitar|Stone Edge|p2a: Buzzwole\n|-damage|p2a: Buzzwole|50\/100\n|\n|-weather|Sandstorm|[upkeep]\n|-damage|p2a: Buzzwole|44\/100|[from] Sandstorm\n|upkeep\n|turn|27\n|\n|t:|1659022818\n|switch|p1a: Tapu Lele|Tapu Lele|94\/100\n|move|p2a: Buzzwole|Roost|p2a: Buzzwole\n|-heal|p2a: Buzzwole|94\/100\n|-singleturn|p2a: Buzzwole|move: Roost\n|\n|-weather|Sandstorm|[upkeep]\n|-damage|p1a: Tapu Lele|88\/100|[from] Sandstorm\n|-damage|p2a: Buzzwole|88\/100|[from] Sandstorm\n|upkeep\n|turn|28\n|\n|t:|1659022830\n|switch|p2a: Slowbro|Slowbro, F|79\/100\n|move|p1a: Tapu Lele|Future Sight|p2a: Slowbro\n|-start|p1a: Tapu Lele|move: Future Sight\n|\n|-weather|Sandstorm|[upkeep]\n|-damage|p1a: Tapu Lele|82\/100|[from] Sandstorm\n|-damage|p2a: Slowbro|73\/100|[from] Sandstorm\n|-fieldend|move: Psychic Terrain\n|upkeep\n|turn|29\n|\n|t:|1659022848\n|switch|p1a: Tyranitar|Tyranitar, M|94\/100\n|move|p2a: Slowbro|Scald|p1a: Tyranitar\n|-supereffective|p1a: Tyranitar\n|-damage|p1a: Tyranitar|54\/100\n|\n|-weather|none\n|upkeep\n|turn|30\n|\n|t:|1659022859\n|switch|p2a: Landorus|Landorus-Therian, M|29\/100\n|-damage|p2a: Landorus|16\/100|[from] Stealth Rock\n|-ability|p2a: Landorus|Intimidate|boost\n|-unboost|p1a: Tyranitar|atk|1\n|move|p1a: Tyranitar|Crunch|p2a: Landorus\n|-damage|p2a: Landorus|0 fnt\n|faint|p2a: Landorus\n|\n|-hint|Future Sight did not hit because the target is fainted.\n|upkeep\n|inactive|pokeda has 120 seconds left.\n|\n|t:|1659022897\n|switch|p2a: Heatran|Heatran, M|88\/100\n|-damage|p2a: Heatran|76\/100|[from] Stealth Rock\n|turn|31\n|\n|t:|1659022911\n|switch|p1a: Landorus|Landorus-Therian, M|24\/100 brn\n|-ability|p1a: Landorus|Intimidate|boost\n|-unboost|p2a: Heatran|atk|1\n|move|p2a: Heatran|Earth Power|p1a: Landorus\n|-immune|p1a: Landorus\n|\n|-damage|p1a: Landorus|18\/100 brn|[from] brn\n|upkeep\n|turn|32\n|\n|t:|1659022921\n|move|p2a: Heatran|Eruption|p1a: Landorus\n|-damage|p1a: Landorus|0 fnt\n|faint|p1a: Landorus\n|\n|upkeep\n|\n|t:|1659022931\n|switch|p1a: Tyranitar|Tyranitar, M|54\/100\n|-weather|Sandstorm|[from] ability: Sand Stream|[of] p1a: Tyranitar\n|turn|33\n|inactive|pokeda has 120 seconds left.\n|\n|t:|1659022966\n|switch|p2a: Buzzwole|Buzzwole|88\/100\n|-damage|p2a: Buzzwole|76\/100|[from] Stealth Rock\n|move|p1a: Tyranitar|Stone Edge|p2a: Buzzwole\n|-damage|p2a: Buzzwole|38\/100\n|\n|-weather|Sandstorm|[upkeep]\n|-damage|p2a: Buzzwole|32\/100|[from] Sandstorm\n|upkeep\n|turn|34\n|\n|t:|1659022986\n|move|p2a: Buzzwole|Roost|p2a: Buzzwole\n|-heal|p2a: Buzzwole|82\/100\n|-singleturn|p2a: Buzzwole|move: Roost\n|move|p1a: Tyranitar|Stone Edge|p2a: Buzzwole|[miss]\n|-miss|p1a: Tyranitar|p2a: Buzzwole\n|\n|-weather|Sandstorm|[upkeep]\n|-damage|p2a: Buzzwole|76\/100|[from] Sandstorm\n|upkeep\n|turn|35\n|\n|t:|1659022997\n|switch|p1a: Corviknight|Corviknight, M|100\/100\n|-ability|p1a: Corviknight|Pressure\n|move|p2a: Buzzwole|Earthquake|p1a: Corviknight\n|-immune|p1a: Corviknight\n|\n|-weather|Sandstorm|[upkeep]\n|-damage|p2a: Buzzwole|70\/100|[from] Sandstorm\n|upkeep\n|turn|36\n|\n|t:|1659023013\n|move|p2a: Buzzwole|Roost|p2a: Buzzwole\n|-heal|p2a: Buzzwole|100\/100\n|-singleturn|p2a: Buzzwole|move: Roost\n|move|p1a: Corviknight|U-turn|p2a: Buzzwole\n|-resisted|p2a: Buzzwole\n|-damage|p2a: Buzzwole|96\/100\n|\n|t:|1659023016\n|switch|p1a: Tapu Lele|Tapu Lele|82\/100|[from]move: U-turn\n|-fieldstart|move: Psychic Terrain|[from] ability: Psychic Surge|[of] p1a: Tapu Lele\n|\n|-weather|Sandstorm|[upkeep]\n|-damage|p1a: Tapu Lele|76\/100|[from] Sandstorm\n|-damage|p2a: Buzzwole|90\/100|[from] Sandstorm\n|upkeep\n|turn|37\n|\n|t:|1659023023\n|switch|p2a: Slowbro|Slowbro, F|100\/100\n|move|p1a: Tapu Lele|Future Sight|p2a: Slowbro\n|-start|p1a: Tapu Lele|move: Future Sight\n|\n|-weather|none\n|upkeep\n|turn|38\n|inactive|pokeda has 120 seconds left.\n|\n|t:|1659023031\n|switch|p1a: Toxapex|Toxapex, F|83\/100\n|move|p2a: Slowbro|Scald|p1a: Toxapex\n|-resisted|p1a: Toxapex\n|-damage|p1a: Toxapex|73\/100\n|\n|upkeep\n|turn|39\n|\n|t:|1659023036\n|move|p1a: Toxapex|Knock Off|p2a: Slowbro\n|-supereffective|p2a: Slowbro\n|-damage|p2a: Slowbro|76\/100\n|-enditem|p2a: Slowbro|Heavy-Duty Boots|[from] move: Knock Off|[of] p1a: Toxapex\n|move|p2a: Slowbro|Scald|p1a: Toxapex\n|-resisted|p1a: Toxapex\n|-damage|p1a: Toxapex|62\/100\n|-status|p1a: Toxapex|brn\n|\n|-end|p2a: Slowbro|move: Future Sight\n|-resisted|p2a: Slowbro\n|-damage|p2a: Slowbro|49\/100\n|-damage|p1a: Toxapex|56\/100 brn|[from] brn\n|upkeep\n|turn|40\n|\n|t:|1659023048\n|move|p1a: Toxapex|Poison Jab|p2a: Slowbro\n|-damage|p2a: Slowbro|41\/100\n|-status|p2a: Slowbro|psn\n|move|p2a: Slowbro|Future Sight|p1a: Toxapex\n|-start|p2a: Slowbro|move: Future Sight\n|\n|-damage|p2a: Slowbro|29\/100 psn|[from] psn\n|-damage|p1a: Toxapex|50\/100 brn|[from] brn\n|-fieldend|move: Psychic Terrain\n|upkeep\n|turn|41\n|\n|t:|1659023057\n|switch|p1a: Tyranitar|Tyranitar, M|54\/100\n|-weather|Sandstorm|[from] ability: Sand Stream|[of] p1a: Tyranitar\n|move|p2a: Slowbro|Teleport|p2a: Slowbro\n|\n|t:|1659023066\n|switch|p2a: Dragapult|Dragapult, M|100\/100|[from]move: Teleport\n|-damage|p2a: Dragapult|88\/100|[from] Stealth Rock\n|\n|-weather|Sandstorm|[upkeep]\n|-damage|p2a: Dragapult|82\/100|[from] Sandstorm\n|upkeep\n|turn|42\n|\n|t:|1659023073\n|switch|p1a: Corviknight|Corviknight, M|100\/100\n|-ability|p1a: Corviknight|Pressure\n|move|p2a: Dragapult|Hydro Pump|p1a: Corviknight\n|-damage|p1a: Corviknight|53\/100\n|\n|-weather|Sandstorm|[upkeep]\n|-damage|p2a: Dragapult|76\/100|[from] Sandstorm\n|-end|p1a: Corviknight|move: Future Sight\n|-resisted|p1a: Corviknight\n|-damage|p1a: Corviknight|35\/100\n|upkeep\n|turn|43\n|\n|t:|1659023083\n|switch|p1a: Toxapex|Toxapex, F|83\/100 brn\n|move|p2a: Dragapult|Hydro Pump|p1a: Toxapex\n|-resisted|p1a: Toxapex\n|-damage|p1a: Toxapex|62\/100 brn\n|\n|-weather|Sandstorm|[upkeep]\n|-damage|p2a: Dragapult|70\/100|[from] Sandstorm\n|-damage|p1a: Toxapex|56\/100 brn|[from] Sandstorm\n|-damage|p1a: Toxapex|50\/100 brn|[from] brn\n|upkeep\n|turn|44\n|\n|t:|1659023090\n|switch|p2a: Clefable|Clefable, F|35\/100\n|switch|p1a: Tapu Lele|Tapu Lele|76\/100\n|-fieldstart|move: Psychic Terrain|[from] ability: Psychic Surge|[of] p1a: Tapu Lele\n|\n|-weather|Sandstorm|[upkeep]\n|-damage|p1a: Tapu Lele|70\/100|[from] Sandstorm\n|upkeep\n|turn|45\n|inactive|pokeda has 120 seconds left.\n|\n|t:|1659023144\n|switch|p2a: Slowbro|Slowbro, F|62\/100 psn\n|-damage|p2a: Slowbro|50\/100 psn|[from] Stealth Rock\n|move|p1a: Tapu Lele|Moonblast|p2a: Slowbro\n|-crit|p2a: Slowbro\n|-damage|p2a: Slowbro|0 fnt\n|faint|p2a: Slowbro\n|\n|-weather|none\n|upkeep\n|\n|t:|1659023148\n|switch|p2a: Heatran|Heatran, M|76\/100\n|-damage|p2a: Heatran|63\/100|[from] Stealth Rock\n|turn|46\n|\n|t:|1659023157\n|switch|p1a: Corviknight|Corviknight, M|35\/100\n|-ability|p1a: Corviknight|Pressure\n|switch|p2a: Clefable|Clefable, F|35\/100\n|\n|upkeep\n|turn|47\n|\n|t:|1659023160\n|move|p2a: Clefable|Stealth Rock|p1a: Corviknight\n|-sidestart|p1: LT91BB FustJranco|move: Stealth Rock\n|move|p1a: Corviknight|U-turn|p2a: Clefable\n|-resisted|p2a: Clefable\n|-damage|p2a: Clefable|28\/100\n|\n|t:|1659023171\n|switch|p1a: Tapu Lele|Tapu Lele|70\/100|[from]move: U-turn\n|-damage|p1a: Tapu Lele|58\/100|[from] Stealth Rock\n|\n|upkeep\n|turn|48\n|\n|t:|1659023176\n|move|p1a: Tapu Lele|Moonblast|p2a: Clefable\n|-damage|p2a: Clefable|0 fnt\n|faint|p2a: Clefable\n|\n|-fieldend|move: Psychic Terrain\n|upkeep\n|\n|t:|1659023179\n|switch|p2a: Heatran|Heatran, M|63\/100\n|-damage|p2a: Heatran|51\/100|[from] Stealth Rock\n|turn|49\n|\n|t:|1659023182\n|switch|p1a: Corviknight|Corviknight, M|35\/100\n|-damage|p1a: Corviknight|22\/100|[from] Stealth Rock\n|-ability|p1a: Corviknight|Pressure\n|move|p2a: Heatran|Magma Storm|p1a: Corviknight\n|-supereffective|p1a: Corviknight\n|-damage|p1a: Corviknight|0 fnt\n|faint|p1a: Corviknight\n|\n|upkeep\n|\n|t:|1659023185\n|switch|p1a: Tyranitar|Tyranitar, M|54\/100\n|-damage|p1a: Tyranitar|42\/100|[from] Stealth Rock\n|-weather|Sandstorm|[from] ability: Sand Stream|[of] p1a: Tyranitar\n|turn|50\n|\n|t:|1659023194\n|switch|p1a: Tapu Lele|Tapu Lele|58\/100\n|-damage|p1a: Tapu Lele|45\/100|[from] Stealth Rock\n|-fieldstart|move: Psychic Terrain|[from] ability: Psychic Surge|[of] p1a: Tapu Lele\n|move|p2a: Heatran|Earth Power|p1a: Tapu Lele\n|-damage|p1a: Tapu Lele|10\/100\n|\n|-weather|Sandstorm|[upkeep]\n|-damage|p1a: Tapu Lele|4\/100|[from] Sandstorm\n|upkeep\n|turn|51\n|-message|LT91BB FustJranco forfeited.\n|\n|win|pokeda\n|raw|LT91BB FustJranco's rating: 1716 &rarr; <strong>1695<\/strong><br \/>(-21 for losing)\n|raw|pokeda's rating: 1704 &rarr; <strong>1725<\/strong><br \/>(+21 for winning)\n|l|\u2606LT91BB FustJranco\n||Ladder isn't responding, score probably updated but might not have (Request timeout).\n","uploadtime":1659023203,"views":61,"p1id":"lt91bbfustjranco","p2id":"pokeda","formatid":"gen8ou","rating":1695,"private":0,"password":null}