{"id":"gen8ou-1667444924","p1":"Forwards","p2":"Benchacha","format":"gen8ou","log":"|j|\u2606Forwards\n|j|\u2606Benchacha\n|t:|1663523407\n|gametype|singles\n|player|p1|Forwards|rollerskater|1869\n|player|p2|Benchacha|pokemaniac|1764\n|teamsize|p1|6\n|teamsize|p2|6\n|gen|8\n|tier|[Gen 8] OU\n|rated|\n|rule|Sleep Clause Mod: Limit one foe put to sleep\n|rule|Species Clause: Limit one of each Pok\u00e9mon\n|rule|OHKO Clause: OHKO moves are banned\n|rule|Evasion Items Clause: Evasion items are banned\n|rule|Evasion Moves Clause: Evasion moves are banned\n|rule|Endless Battle Clause: Forcing endless battles is banned\n|rule|HP Percentage Mod: HP is shown in percentages\n|rule|Dynamax Clause: You cannot dynamax\n|clearpoke\n|poke|p1|Tapu Koko|\n|poke|p1|Moltres-Galar|\n|poke|p1|Registeel|\n|poke|p1|Hawlucha, F|\n|poke|p1|Mew|\n|poke|p1|Landorus-Therian, M|\n|poke|p2|Slowbro, M|\n|poke|p2|Blacephalon|\n|poke|p2|Crawdaunt, F|\n|poke|p2|Garchomp, M|\n|poke|p2|Magnezone|\n|poke|p2|Landorus-Therian, M|\n|teampreview\n|j| Aj_Sc0tt\n|\n|t:|1663523429\n|start\n|switch|p1a: Landorus|Landorus-Therian, M|100\/100\n|switch|p2a: Magne toi|Magnezone|100\/100\n|-ability|p1a: Landorus|Intimidate|boost\n|-unboost|p2a: Magne toi|atk|1\n|turn|1\n|\n|t:|1663523436\n|switch|p2a: Lando Use|Landorus-Therian, M|100\/100\n|-ability|p2a: Lando Use|Intimidate|boost\n|-unboost|p1a: Landorus|atk|1\n|move|p1a: Landorus|Stealth Rock|p2a: Lando Use\n|-sidestart|p2: Benchacha|move: Stealth Rock\n|\n|upkeep\n|turn|2\n|\n|t:|1663523442\n|move|p1a: Landorus|Swords Dance|p1a: Landorus\n|-boost|p1a: Landorus|atk|2\n|move|p2a: Lando Use|Defog|p1a: Landorus\n|-unboost|p1a: Landorus|evasion|1\n|-sideend|p2: Benchacha|Stealth Rock|[from] move: Defog|[of] p2a: Lando Use\n|\n|upkeep\n|turn|3\n|\n|t:|1663523449\n|switch|p2a: Blace Falus|Blacephalon|100\/100\n|move|p1a: Landorus|Stealth Rock|p2a: Blace Falus\n|-sidestart|p2: Benchacha|move: Stealth Rock\n|\n|upkeep\n|turn|4\n|\n|t:|1663523464\n|switch|p2a: Slow Motion|Slowbro, M|100\/100\n|-damage|p2a: Slow Motion|88\/100|[from] Stealth Rock\n|move|p1a: Landorus|Earthquake|p2a: Slow Motion\n|-damage|p2a: Slow Motion|40\/100\n|\n|upkeep\n|turn|5\n|\n|t:|1663523473\n|switch|p2a: Lando Use|Landorus-Therian, M|100\/100\n|-damage|p2a: Lando Use|88\/100|[from] Stealth Rock\n|-ability|p2a: Lando Use|Intimidate|boost\n|-unboost|p1a: Landorus|atk|1\n|move|p1a: Landorus|Swords Dance|p1a: Landorus\n|-boost|p1a: Landorus|atk|2\n|\n|-heal|p2a: Lando Use|94\/100|[from] item: Leftovers\n|upkeep\n|turn|6\n|j| Licking Baltoys\n|\n|t:|1663523490\n|move|p1a: Landorus|Earthquake|p2a: Lando Use\n|-immune|p2a: Lando Use\n|move|p2a: Lando Use|Stealth Rock|p1a: Landorus\n|-sidestart|p1: Forwards|move: Stealth Rock\n|\n|-heal|p2a: Lando Use|99\/100|[from] item: Leftovers\n|upkeep\n|turn|7\n|\n|t:|1663523505\n|switch|p2a: Blace Falus|Blacephalon|100\/100\n|-damage|p2a: Blace Falus|76\/100|[from] Stealth Rock\n|move|p1a: Landorus|Explosion|p2a: Blace Falus\n|-immune|p2a: Blace Falus\n|faint|p1a: Landorus\n|\n|upkeep\n|j| galactest bro !\n|l| galactest bro !\n|\n|t:|1663523508\n|switch|p1a: Tapu Koko|Tapu Koko|100\/100\n|-damage|p1a: Tapu Koko|88\/100|[from] Stealth Rock\n|-fieldstart|move: Electric Terrain|[from] ability: Electric Surge|[of] p1a: Tapu Koko\n|turn|8\n|\n|t:|1663523519\n|switch|p2a: Lando Use|Landorus-Therian, M|99\/100\n|-damage|p2a: Lando Use|88\/100|[from] Stealth Rock\n|-ability|p2a: Lando Use|Intimidate|boost\n|-unboost|p1a: Tapu Koko|atk|1\n|move|p1a: Tapu Koko|Light Screen|p1a: Tapu Koko\n|-sidestart|p1: Forwards|move: Light Screen\n|\n|-heal|p2a: Lando Use|94\/100|[from] item: Leftovers\n|upkeep\n|turn|9\n|\n|t:|1663523528\n|move|p1a: Tapu Koko|Taunt|p2a: Lando Use\n|-start|p2a: Lando Use|move: Taunt\n|move|p2a: Lando Use|U-turn|p1a: Tapu Koko\n|-resisted|p1a: Tapu Koko\n|-damage|p1a: Tapu Koko|75\/100\n|\n|t:|1663523552\n|switch|p2a: Magne toi|Magnezone|100\/100|[from]move: U-turn\n|-damage|p2a: Magne toi|94\/100|[from] Stealth Rock\n|\n|upkeep\n|turn|10\n|\n|t:|1663523556\n|move|p1a: Tapu Koko|Reflect|p1a: Tapu Koko\n|-sidestart|p1: Forwards|Reflect\n|move|p2a: Magne toi|Flash Cannon|p1a: Tapu Koko\n|-damage|p1a: Tapu Koko|22\/100\n|\n|upkeep\n|turn|11\n|\n|t:|1663523562\n|move|p1a: Tapu Koko|U-turn|p2a: Magne toi\n|-resisted|p2a: Magne toi\n|-crit|p2a: Magne toi\n|-damage|p2a: Magne toi|83\/100\n|\n|t:|1663523565\n|switch|p1a: Moltres|Moltres-Galar|100\/100|[from]move: U-turn\n|-damage|p1a: Moltres|76\/100|[from] Stealth Rock\n|move|p2a: Magne toi|Flash Cannon|p1a: Moltres\n|-damage|p1a: Moltres|44\/100\n|-unboost|p1a: Moltres|spd|1\n|-ability|p1a: Moltres|Berserk|boost\n|-boost|p1a: Moltres|spa|1\n|\n|upkeep\n|turn|12\n|\n|t:|1663523574\n|move|p1a: Moltres|Fiery Wrath|p2a: Magne toi\n|-damage|p2a: Magne toi|16\/100\n|move|p2a: Magne toi|Flash Cannon|p1a: Moltres\n|-damage|p1a: Moltres|0 fnt\n|faint|p1a: Moltres\n|\n|-fieldend|move: Electric Terrain\n|upkeep\n|\n|t:|1663523578\n|switch|p1a: Mew|Mew|100\/100\n|-damage|p1a: Mew|88\/100|[from] Stealth Rock\n|turn|13\n|\n|t:|1663523584\n|switch|p2a: Blace Falus|Blacephalon|76\/100\n|-damage|p2a: Blace Falus|51\/100|[from] Stealth Rock\n|move|p1a: Mew|Cosmic Power|p1a: Mew\n|-boost|p1a: Mew|def|1\n|-boost|p1a: Mew|spd|1\n|\n|upkeep\n|turn|14\n|\n|t:|1663523591\n|move|p2a: Blace Falus|Trick|p1a: Mew\n|-activate|p2a: Blace Falus|move: Trick|[of] p1a: Mew\n|-item|p1a: Mew|Choice Scarf|[from] move: Trick\n|-item|p2a: Blace Falus|Weakness Policy|[from] move: Trick\n|move|p1a: Mew|Stored Power|p2a: Blace Falus\n|-damage|p2a: Blace Falus|14\/100\n|\n|upkeep\n|turn|15\n|j| i am ves \u2665\n|\n|t:|1663523607\n|switch|p1a: Tapu Koko|Tapu Koko|22\/100\n|-damage|p1a: Tapu Koko|10\/100|[from] Stealth Rock\n|-fieldstart|move: Electric Terrain|[from] ability: Electric Surge|[of] p1a: Tapu Koko\n|switch|p2a: Craw Don't|Crawdaunt, F|100\/100\n|-damage|p2a: Craw Don't|88\/100|[from] Stealth Rock\n|\n|-sideend|p1: Forwards|move: Light Screen\n|upkeep\n|turn|16\n|\n|t:|1663523616\n|move|p2a: Craw Don't|Aqua Jet|p1a: Tapu Koko\n|-damage|p1a: Tapu Koko|0 fnt\n|faint|p1a: Tapu Koko\n|\n|upkeep\n|\n|t:|1663523618\n|switch|p1a: Hawlucha|Hawlucha, F|100\/100\n|-damage|p1a: Hawlucha|88\/100|[from] Stealth Rock\n|-enditem|p1a: Hawlucha|Electric Seed\n|-boost|p1a: Hawlucha|def|1|[from] item: Electric Seed\n|turn|17\n|\n|t:|1663523632\n|switch|p2a: Lando Use|Landorus-Therian, M|94\/100\n|-damage|p2a: Lando Use|82\/100|[from] Stealth Rock\n|-ability|p2a: Lando Use|Intimidate|boost\n|-unboost|p1a: Hawlucha|atk|1\n|move|p1a: Hawlucha|Close Combat|p2a: Lando Use\n|-resisted|p2a: Lando Use\n|-damage|p2a: Lando Use|64\/100\n|-unboost|p1a: Hawlucha|def|1\n|-unboost|p1a: Hawlucha|spd|1\n|\n|-heal|p2a: Lando Use|70\/100|[from] item: Leftovers\n|-sideend|p1: Forwards|Reflect\n|upkeep\n|turn|18\n|\n|t:|1663523643\n|move|p1a: Hawlucha|Swords Dance|p1a: Hawlucha\n|-boost|p1a: Hawlucha|atk|2\n|move|p2a: Lando Use|U-turn|p1a: Hawlucha\n|-resisted|p1a: Hawlucha\n|-damage|p1a: Hawlucha|80\/100\n|\n|t:|1663523656\n|switch|p2a: Slow Motion|Slowbro, M|73\/100|[from]move: U-turn\n|-damage|p2a: Slow Motion|61\/100|[from] Stealth Rock\n|\n|upkeep\n|turn|19\n|j| Nature_K\n|\n|t:|1663523665\n|switch|p2a: Lando Use|Landorus-Therian, M|70\/100\n|-damage|p2a: Lando Use|58\/100|[from] Stealth Rock\n|-ability|p2a: Lando Use|Intimidate|boost\n|-unboost|p1a: Hawlucha|atk|1\n|move|p1a: Hawlucha|Acrobatics|p2a: Lando Use\n|-damage|p2a: Lando Use|7\/100\n|\n|-heal|p2a: Lando Use|13\/100|[from] item: Leftovers\n|-fieldend|move: Electric Terrain\n|upkeep\n|turn|20\n|j| Kwaga\n|\n|t:|1663523674\n|move|p1a: Hawlucha|Swords Dance|p1a: Hawlucha\n|-boost|p1a: Hawlucha|atk|2\n|move|p2a: Lando Use|U-turn|p1a: Hawlucha\n|-resisted|p1a: Hawlucha\n|-damage|p1a: Hawlucha|72\/100\n|l| Aj_Sc0tt\n|\n|t:|1663523681\n|switch|p2a: Magne toi|Magnezone|16\/100|[from]move: U-turn\n|-damage|p2a: Magne toi|10\/100|[from] Stealth Rock\n|\n|upkeep\n|turn|21\n|\n|t:|1663523686\n|move|p1a: Hawlucha|Acrobatics|p2a: Magne toi\n|-resisted|p2a: Magne toi\n|-damage|p2a: Magne toi|0 fnt\n|faint|p2a: Magne toi\n|\n|upkeep\n|\n|t:|1663523698\n|switch|p2a: Slow Motion|Slowbro, M|94\/100\n|-damage|p2a: Slow Motion|82\/100|[from] Stealth Rock\n|turn|22\n|\n|t:|1663523702\n|move|p1a: Hawlucha|Acrobatics|p2a: Slow Motion\n|-damage|p2a: Slow Motion|27\/100\n|move|p2a: Slow Motion|Future Sight|p1a: Hawlucha\n|-start|p2a: Slow Motion|move: Future Sight\n|\n|upkeep\n|turn|23\n|j| born with aids\n|\n|t:|1663523718\n|switch|p2a: Blace Falus|Blacephalon|14\/100\n|-damage|p2a: Blace Falus|0 fnt|[from] Stealth Rock\n|faint|p2a: Blace Falus\n|move|p1a: Hawlucha|Acrobatics|p2: Blace Falus|[notarget]\n|-fail|p1a: Hawlucha\n|\n|upkeep\n|\n|t:|1663523728\n|switch|p2a: Slow Motion|Slowbro, M|60\/100\n|-damage|p2a: Slow Motion|48\/100|[from] Stealth Rock\n|turn|24\n|\n|t:|1663523733\n|switch|p1a: Mew|Mew|88\/100\n|-damage|p1a: Mew|76\/100|[from] Stealth Rock\n|move|p2a: Slow Motion|Slack Off|p2a: Slow Motion\n|-heal|p2a: Slow Motion|98\/100\n|\n|-end|p1a: Mew|move: Future Sight\n|-resisted|p1a: Mew\n|-damage|p1a: Mew|59\/100\n|upkeep\n|turn|25\n|\n|t:|1663523742\n|switch|p1a: Hawlucha|Hawlucha, F|72\/100\n|-damage|p1a: Hawlucha|59\/100|[from] Stealth Rock\n|move|p2a: Slow Motion|Teleport|p2a: Slow Motion\n|\n|t:|1663523747\n|switch|p2a: Gar \u00e0 toi|Garchomp, M|100\/100|[from]move: Teleport\n|-damage|p2a: Gar \u00e0 toi|94\/100|[from] Stealth Rock\n|\n|-heal|p2a: Gar \u00e0 toi|100\/100|[from] item: Leftovers\n|upkeep\n|turn|26\n|\n|t:|1663523752\n|move|p2a: Gar \u00e0 toi|Swords Dance|p2a: Gar \u00e0 toi\n|-boost|p2a: Gar \u00e0 toi|atk|2\n|move|p1a: Hawlucha|Taunt|p2a: Gar \u00e0 toi\n|-start|p2a: Gar \u00e0 toi|move: Taunt\n|\n|upkeep\n|turn|27\n|l| Licking Baltoys\n|l| Kwaga\n|j| Kwaga\n|\n|t:|1663523758\n|move|p2a: Gar \u00e0 toi|Scale Shot|p1a: Hawlucha\n|-damage|p1a: Hawlucha|23\/100\n|-damage|p1a: Hawlucha|0 fnt\n|faint|p1a: Hawlucha\n|-hitcount|p1: Hawlucha|2\n|-unboost|p2a: Gar \u00e0 toi|def|1\n|-boost|p2a: Gar \u00e0 toi|spe|1\n|\n|upkeep\n|\n|t:|1663523760\n|switch|p1a: Registeel|Registeel|100\/100\n|-damage|p1a: Registeel|94\/100|[from] Stealth Rock\n|turn|28\n|\n|t:|1663523769\n|move|p2a: Gar \u00e0 toi|Earthquake|p1a: Registeel\n|-supereffective|p1a: Registeel\n|-crit|p1a: Registeel\n|-damage|p1a: Registeel|0 fnt\n|faint|p1a: Registeel\n|\n|upkeep\n|-message|Forwards forfeited.\n|\n|win|Benchacha\n|raw|Forwards's rating: 1869 &rarr; <strong>1843<\/strong><br \/>(-26 for losing)\n|raw|Benchacha's rating: 1764 &rarr; <strong>1790<\/strong><br \/>(+26 for winning)\n|l|\u2606Forwards\n|l| Kwaga\n|l| Nature_K\n|l|\u2606Benchacha\n|l| born with aids\n|l| i am ves \u2665\n|j| Aj_Sc0tt\n|l| Aj_Sc0tt\n||Ladder isn't responding, score probably updated but might not have (Request timeout).\n","uploadtime":1663523841,"views":23,"p1id":"forwards","p2id":"benchacha","formatid":"gen8ou","rating":1790,"private":0,"password":null}