{"id":"gen8ou-1699927078","p1":"Truzimy","p2":"SMxVale","format":"gen8ou","log":"|j|\u2606Truzimy\n|j|\u2606SMxVale\n|t:|1667292583\n|gametype|singles\n|player|p1|Truzimy|1|1620\n|player|p2|SMxVale|265|1715\n|teamsize|p1|6\n|teamsize|p2|6\n|gen|8\n|tier|[Gen 8] OU\n|rated|\n|rule|Sleep Clause Mod: Limit one foe put to sleep\n|rule|Species Clause: Limit one of each Pok\u00e9mon\n|rule|OHKO Clause: OHKO moves are banned\n|rule|Evasion Items Clause: Evasion items are banned\n|rule|Evasion Moves Clause: Evasion moves are banned\n|rule|Endless Battle Clause: Forcing endless battles is banned\n|rule|HP Percentage Mod: HP is shown in percentages\n|rule|Dynamax Clause: You cannot dynamax\n|clearpoke\n|poke|p1|Dragapult, F|\n|poke|p1|Heatran, M|\n|poke|p1|Landorus-Therian, M|\n|poke|p1|Mamoswine, F|\n|poke|p1|Slowbro, F|\n|poke|p1|Buzzwole|\n|poke|p2|Tapu Lele|\n|poke|p2|Tyranitar, M|\n|poke|p2|Heatran, M|\n|poke|p2|Landorus-Therian, M|\n|poke|p2|Tornadus-Therian, M|\n|poke|p2|Toxapex, F|\n|teampreview\n|j| Horvendil\n|j| swifterblade\n|\n|t:|1667292632\n|start\n|switch|p1a: Dragapult|Dragapult, F|100\/100\n|switch|p2a: Tapu Lele|Tapu Lele|100\/100\n|-fieldstart|move: Psychic Terrain|[from] ability: Psychic Surge|[of] p2a: Tapu Lele\n|turn|1\n|inactive|Battle timer is ON: inactive players will automatically lose when time's up. (requested by SMxVale)\n|\n|t:|1667292651\n|switch|p1a: Heatran|Heatran, M|100\/100\n|move|p2a: Tapu Lele|Psyshock|p1a: Heatran\n|-resisted|p1a: Heatran\n|-damage|p1a: Heatran|63\/100\n|\n|-heal|p1a: Heatran|69\/100|[from] item: Leftovers\n|upkeep\n|turn|2\n|\n|t:|1667292662\n|switch|p1a: Slowbro|Slowbro, F|100\/100\n|move|p2a: Tapu Lele|Psyshock|p1a: Slowbro\n|-resisted|p1a: Slowbro\n|-damage|p1a: Slowbro|75\/100\n|\n|upkeep\n|turn|3\n|\n|t:|1667292675\n|switch|p2a: Toxapex|Toxapex, F|100\/100\n|move|p1a: Slowbro|Teleport|p1a: Slowbro\n|\n|t:|1667292682\n|switch|p1a: Heatran|Heatran, M|69\/100|[from]move: Teleport\n|\n|-heal|p1a: Heatran|75\/100|[from] item: Leftovers\n|upkeep\n|turn|4\n|\n|t:|1667292690\n|switch|p2a: Landorus|Landorus-Therian, M|100\/100\n|-ability|p2a: Landorus|Intimidate|boost\n|-unboost|p1a: Heatran|atk|1\n|move|p1a: Heatran|Magma Storm|p2a: Landorus\n|-damage|p2a: Landorus|69\/100\n|-activate|p2a: Landorus|move: Magma Storm|[of] p1a: Heatran\n|\n|-heal|p2a: Landorus|75\/100|[from] item: Leftovers\n|-heal|p1a: Heatran|82\/100|[from] item: Leftovers\n|-damage|p2a: Landorus|63\/100|[from] move: Magma Storm|[partiallytrapped]\n|upkeep\n|turn|5\n|\n|t:|1667292702\n|switch|p1a: Buzzwole|Buzzwole|100\/100\n|move|p2a: Landorus|Stealth Rock|p1a: Buzzwole\n|-sidestart|p1: Truzimy|move: Stealth Rock\n|\n|-heal|p2a: Landorus|69\/100|[from] item: Leftovers\n|-end|p2a: Landorus|Magma Storm|[partiallytrapped]|[silent]\n|-fieldend|move: Psychic Terrain\n|upkeep\n|turn|6\n|\n|t:|1667292711\n|switch|p2a: Toxapex|Toxapex, F|100\/100\n|move|p1a: Buzzwole|Ice Punch|p2a: Toxapex\n|-resisted|p2a: Toxapex\n|-damage|p2a: Toxapex|91\/100\n|-damage|p1a: Buzzwole|84\/100|[from] item: Rocky Helmet|[of] p2a: Toxapex\n|\n|upkeep\n|turn|7\n|\n|t:|1667292730\n|switch|p1a: Slowbro|Slowbro, F|100\/100\n|-damage|p1a: Slowbro|88\/100|[from] Stealth Rock\n|move|p2a: Toxapex|Scald|p1a: Slowbro\n|-resisted|p1a: Slowbro\n|-damage|p1a: Slowbro|79\/100\n|\n|upkeep\n|turn|8\n|\n|t:|1667292734\n|move|p2a: Toxapex|Toxic|p1a: Slowbro\n|-status|p1a: Slowbro|tox\n|move|p1a: Slowbro|Teleport|p1a: Slowbro\n|\n|t:|1667292735\n|switch|p1a: Heatran|Heatran, M|82\/100|[from]move: Teleport\n|-damage|p1a: Heatran|69\/100|[from] Stealth Rock\n|\n|-heal|p1a: Heatran|75\/100|[from] item: Leftovers\n|upkeep\n|turn|9\n|\n|t:|1667292745\n|switch|p2a: Tyranitar|Tyranitar, M|100\/100\n|-weather|Sandstorm|[from] ability: Sand Stream|[of] p2a: Tyranitar\n|move|p1a: Heatran|Magma Storm|p2a: Tyranitar|[miss]\n|-miss|p1a: Heatran|p2a: Tyranitar\n|\n|-weather|Sandstorm|[upkeep]\n|-heal|p1a: Heatran|82\/100|[from] item: Leftovers\n|upkeep\n|turn|10\n|\n|t:|1667292756\n|switch|p1a: Buzzwole|Buzzwole|84\/100\n|-damage|p1a: Buzzwole|71\/100|[from] Stealth Rock\n|move|p2a: Tyranitar|Stone Edge|p1a: Buzzwole|[miss]\n|-miss|p2a: Tyranitar|p1a: Buzzwole\n|\n|-weather|Sandstorm|[upkeep]\n|-damage|p1a: Buzzwole|65\/100|[from] Sandstorm\n|upkeep\n|turn|11\n|\n|t:|1667292781\n|switch|p1a: Heatran|Heatran, M|82\/100\n|-damage|p1a: Heatran|69\/100|[from] Stealth Rock\n|switch|p2a: Tornadus|Tornadus-Therian, M|100\/100\n|\n|-weather|Sandstorm|[upkeep]\n|-damage|p2a: Tornadus|94\/100|[from] Sandstorm\n|-heal|p1a: Heatran|75\/100|[from] item: Leftovers\n|upkeep\n|turn|12\n|\n|t:|1667292785\n|move|p2a: Tornadus|Knock Off|p1a: Heatran\n|-damage|p1a: Heatran|57\/100\n|-enditem|p1a: Heatran|Leftovers|[from] move: Knock Off|[of] p2a: Tornadus\n|move|p1a: Heatran|Stealth Rock|p2a: Tornadus\n|-sidestart|p2: SMxVale|move: Stealth Rock\n|\n|-weather|Sandstorm|[upkeep]\n|-damage|p2a: Tornadus|88\/100|[from] Sandstorm\n|upkeep\n|turn|13\n|\n|t:|1667292801\n|switch|p2a: Tyranitar|Tyranitar, M|100\/100\n|-damage|p2a: Tyranitar|88\/100|[from] Stealth Rock\n|move|p1a: Heatran|Magma Storm|p2a: Tyranitar\n|-resisted|p2a: Tyranitar\n|-damage|p2a: Tyranitar|76\/100\n|-activate|p2a: Tyranitar|move: Magma Storm|[of] p1a: Heatran\n|\n|-weather|none\n|-damage|p2a: Tyranitar|63\/100|[from] move: Magma Storm|[partiallytrapped]\n|upkeep\n|turn|14\n|\n|t:|1667292815\n|switch|p1a: Landorus|Landorus-Therian, M|100\/100\n|-damage|p1a: Landorus|88\/100|[from] Stealth Rock\n|-ability|p1a: Landorus|Intimidate|boost\n|-unboost|p2a: Tyranitar|atk|1\n|move|p2a: Tyranitar|Stone Edge|p1a: Landorus\n|-damage|p1a: Landorus|29\/100\n|\n|-heal|p1a: Landorus|35\/100|[from] item: Leftovers\n|-end|p2a: Tyranitar|Magma Storm|[partiallytrapped]|[silent]\n|upkeep\n|turn|15\n|\n|t:|1667292832\n|switch|p2a: Tornadus|Tornadus-Therian, M|100\/100\n|move|p1a: Landorus|Knock Off|p2a: Tornadus\n|-damage|p2a: Tornadus|68\/100\n|-enditem|p2a: Tornadus|Heavy-Duty Boots|[from] move: Knock Off|[of] p1a: Landorus\n|\n|-heal|p1a: Landorus|41\/100|[from] item: Leftovers\n|upkeep\n|turn|16\n|\n|t:|1667292846\n|move|p2a: Tornadus|Knock Off|p1a: Landorus\n|-damage|p1a: Landorus|22\/100\n|-enditem|p1a: Landorus|Leftovers|[from] move: Knock Off|[of] p2a: Tornadus\n|move|p1a: Landorus|U-turn|p2a: Tornadus\n|-resisted|p2a: Tornadus\n|-damage|p2a: Tornadus|58\/100\n|\n|t:|1667292873\n|switch|p1a: Mamoswine|Mamoswine, F|100\/100|[from]move: U-turn\n|-damage|p1a: Mamoswine|88\/100|[from] Stealth Rock\n|\n|upkeep\n|turn|17\n|\n|t:|1667292888\n|move|p1a: Mamoswine|Icicle Crash|p2a: Tornadus\n|-supereffective|p2a: Tornadus\n|-damage|p2a: Tornadus|0 fnt\n|faint|p2a: Tornadus\n|\n|upkeep\n|inactive|SMxVale has 120 seconds left.\n|inactive|SMxVale has 90 seconds left.\n|inactive|SMxVale has 60 seconds left.\n|\n|t:|1667292975\n|switch|p2a: Tapu Lele|Tapu Lele|100\/100\n|-damage|p2a: Tapu Lele|88\/100|[from] Stealth Rock\n|-fieldstart|move: Psychic Terrain|[from] ability: Psychic Surge|[of] p2a: Tapu Lele\n|turn|18\n|inactive|SMxVale has 60 seconds left.\n|\n|t:|1667292981\n|switch|p1a: Heatran|Heatran, M|57\/100\n|-damage|p1a: Heatran|45\/100|[from] Stealth Rock\n|move|p2a: Tapu Lele|Moonblast|p1a: Heatran\n|-resisted|p1a: Heatran\n|-damage|p1a: Heatran|33\/100\n|\n|upkeep\n|turn|19\n|inactive|SMxVale has 60 seconds left.\n|\n|t:|1667292996\n|switch|p2a: Landorus|Landorus-Therian, M|69\/100\n|-damage|p2a: Landorus|56\/100|[from] Stealth Rock\n|-ability|p2a: Landorus|Intimidate|boost\n|-unboost|p1a: Heatran|atk|1\n|move|p1a: Heatran|Magma Storm|p2a: Landorus\n|-damage|p2a: Landorus|20\/100\n|-activate|p2a: Landorus|move: Magma Storm|[of] p1a: Heatran\n|\n|-heal|p2a: Landorus|26\/100|[from] item: Leftovers\n|-damage|p2a: Landorus|14\/100|[from] move: Magma Storm|[partiallytrapped]\n|upkeep\n|turn|20\n|inactive|SMxVale has 60 seconds left.\n|\n|t:|1667293007\n|switch|p1a: Landorus|Landorus-Therian, M|22\/100\n|-damage|p1a: Landorus|10\/100|[from] Stealth Rock\n|-ability|p1a: Landorus|Intimidate|boost\n|-unboost|p2a: Landorus|atk|1\n|move|p2a: Landorus|Knock Off|p1a: Landorus\n|-damage|p1a: Landorus|0 fnt\n|faint|p1a: Landorus\n|\n|-heal|p2a: Landorus|20\/100|[from] item: Leftovers\n|-end|p2a: Landorus|Magma Storm|[partiallytrapped]|[silent]\n|upkeep\n|\n|t:|1667293010\n|switch|p1a: Dragapult|Dragapult, F|100\/100\n|-damage|p1a: Dragapult|88\/100|[from] Stealth Rock\n|turn|21\n|inactive|SMxVale has 60 seconds left.\n|\n|t:|1667293023\n|switch|p2a: Heatran|Heatran, M|100\/100\n|-damage|p2a: Heatran|88\/100|[from] Stealth Rock\n|move|p1a: Dragapult|Shadow Ball|p2a: Heatran\n|-damage|p2a: Heatran|57\/100\n|\n|-heal|p2a: Heatran|63\/100|[from] item: Leftovers\n|upkeep\n|turn|22\n|inactive|SMxVale has 60 seconds left.\n|\n|t:|1667293040\n|switch|p1a: Heatran|Heatran, M|33\/100\n|-damage|p1a: Heatran|21\/100|[from] Stealth Rock\n|move|p2a: Heatran|Protect||[still]\n|-fail|p2a: Heatran\n|\n|-heal|p2a: Heatran|69\/100|[from] item: Leftovers\n|-fieldend|move: Psychic Terrain\n|upkeep\n|turn|23\n|inactive|SMxVale has 60 seconds left.\n|\n|t:|1667293045\n|switch|p1a: Buzzwole|Buzzwole|65\/100\n|-damage|p1a: Buzzwole|53\/100|[from] Stealth Rock\n|move|p2a: Heatran|Protect||[still]\n|-fail|p2a: Heatran\n|\n|-heal|p2a: Heatran|75\/100|[from] item: Leftovers\n|upkeep\n|turn|24\n|inactive|SMxVale has 60 seconds left.\n|\n|t:|1667293057\n|move|p2a: Heatran|Protect|p2a: Heatran\n|-singleturn|p2a: Heatran|Protect\n|move|p1a: Buzzwole|Close Combat|p2a: Heatran\n|-activate|p2a: Heatran|move: Protect\n|\n|-heal|p2a: Heatran|82\/100|[from] item: Leftovers\n|upkeep\n|turn|25\n|\n|t:|1667293060\n|switch|p2a: Toxapex|Toxapex, F|100\/100\n|-damage|p2a: Toxapex|88\/100|[from] Stealth Rock\n|move|p1a: Buzzwole|Close Combat|p2a: Toxapex\n|-resisted|p2a: Toxapex\n|-damage|p2a: Toxapex|66\/100\n|-unboost|p1a: Buzzwole|def|1\n|-unboost|p1a: Buzzwole|spd|1\n|-damage|p1a: Buzzwole|36\/100|[from] item: Rocky Helmet|[of] p2a: Toxapex\n|\n|upkeep\n|turn|26\n|j| zhake250\n|inactive|SMxVale has 60 seconds left.\n|\n|t:|1667293083\n|switch|p2a: Tapu Lele|Tapu Lele|88\/100\n|-damage|p2a: Tapu Lele|76\/100|[from] Stealth Rock\n|-fieldstart|move: Psychic Terrain|[from] ability: Psychic Surge|[of] p2a: Tapu Lele\n|move|p1a: Buzzwole|Roost|p1a: Buzzwole\n|-heal|p1a: Buzzwole|86\/100\n|-singleturn|p1a: Buzzwole|move: Roost\n|\n|upkeep\n|turn|27\n|inactive|SMxVale has 60 seconds left.\n|\n|t:|1667293099\n|switch|p1a: Heatran|Heatran, M|21\/100\n|-damage|p1a: Heatran|8\/100|[from] Stealth Rock\n|move|p2a: Tapu Lele|Moonblast|p1a: Heatran\n|-resisted|p1a: Heatran\n|-damage|p1a: Heatran|0 fnt\n|faint|p1a: Heatran\n|\n|upkeep\n|\n|t:|1667293106\n|switch|p1a: Mamoswine|Mamoswine, F|88\/100\n|-damage|p1a: Mamoswine|76\/100|[from] Stealth Rock\n|turn|28\n|\n|t:|1667293115\n|switch|p2a: Landorus|Landorus-Therian, M|20\/100\n|-damage|p2a: Landorus|7\/100|[from] Stealth Rock\n|-ability|p2a: Landorus|Intimidate|boost\n|-fail|p1a: Mamoswine|unboost|Attack|[from] ability: Oblivious|[of] p1a: Mamoswine\n|move|p1a: Mamoswine|Knock Off|p2a: Landorus\n|-damage|p2a: Landorus|0 fnt\n|-enditem|p2a: Landorus|Leftovers|[from] move: Knock Off|[of] p1a: Mamoswine\n|faint|p2a: Landorus\n|\n|upkeep\n|j| Bhbcf alt\n|inactive|SMxVale has 60 seconds left.\n|inactive|SMxVale has 30 seconds left.\n|\n|t:|1667293162\n|switch|p2a: Heatran|Heatran, M|82\/100\n|-damage|p2a: Heatran|69\/100|[from] Stealth Rock\n|turn|29\n|l| Bhbcf alt\n|inactive|SMxVale has 30 seconds left.\n|\n|t:|1667293167\n|switch|p1a: Slowbro|Slowbro, F|100\/100 tox\n|-damage|p1a: Slowbro|88\/100 tox|[from] Stealth Rock\n|move|p2a: Heatran|Magma Storm|p1a: Slowbro\n|-resisted|p1a: Slowbro\n|-damage|p1a: Slowbro|64\/100 tox\n|-activate|p1a: Slowbro|move: Magma Storm|[of] p2a: Heatran\n|\n|-heal|p2a: Heatran|75\/100|[from] item: Leftovers\n|-damage|p1a: Slowbro|58\/100 tox|[from] psn\n|-damage|p1a: Slowbro|45\/100 tox|[from] move: Magma Storm|[partiallytrapped]\n|upkeep\n|turn|30\n|inactive|SMxVale has 30 seconds left.\n|\n|t:|1667293178\n|move|p2a: Heatran|Earth Power|p1a: Slowbro\n|-damage|p1a: Slowbro|20\/100 tox\n|move|p1a: Slowbro|Scald|p2a: Heatran\n|-supereffective|p2a: Heatran\n|-damage|p2a: Heatran|38\/100\n|\n|-heal|p2a: Heatran|44\/100|[from] item: Leftovers\n|-damage|p1a: Slowbro|8\/100 tox|[from] psn\n|-damage|p1a: Slowbro|0 fnt|[from] move: Magma Storm|[partiallytrapped]\n|faint|p1a: Slowbro\n|-fieldend|move: Psychic Terrain\n|upkeep\n|\n|t:|1667293185\n|switch|p1a: Dragapult|Dragapult, F|88\/100\n|-damage|p1a: Dragapult|76\/100|[from] Stealth Rock\n|turn|31\n|\n|t:|1667293189\n|move|p2a: Heatran|Protect|p2a: Heatran\n|-singleturn|p2a: Heatran|Protect\n|move|p1a: Dragapult|Shadow Ball|p2a: Heatran\n|-activate|p2a: Heatran|move: Protect\n|\n|-heal|p2a: Heatran|50\/100|[from] item: Leftovers\n|upkeep\n|turn|32\n|inactive|SMxVale has 30 seconds left.\n|\n|t:|1667293215\n|move|p1a: Dragapult|Shadow Ball|p2a: Heatran\n|-damage|p2a: Heatran|21\/100\n|-unboost|p2a: Heatran|spd|1\n|move|p2a: Heatran|Earth Power|p1a: Dragapult\n|-damage|p1a: Dragapult|39\/100\n|\n|-heal|p2a: Heatran|27\/100|[from] item: Leftovers\n|upkeep\n|turn|33\n|\n|t:|1667293226\n|move|p2a: Heatran|Protect|p2a: Heatran\n|-singleturn|p2a: Heatran|Protect\n|move|p1a: Dragapult|Shadow Ball|p2a: Heatran\n|-activate|p2a: Heatran|move: Protect\n|\n|-heal|p2a: Heatran|33\/100|[from] item: Leftovers\n|upkeep\n|turn|34\n|\n|t:|1667293231\n|move|p1a: Dragapult|Shadow Ball|p2a: Heatran\n|-damage|p2a: Heatran|0 fnt\n|faint|p2a: Heatran\n|\n|upkeep\n|\n|t:|1667293233\n|switch|p2a: Tyranitar|Tyranitar, M|63\/100\n|-damage|p2a: Tyranitar|51\/100|[from] Stealth Rock\n|-weather|Sandstorm|[from] ability: Sand Stream|[of] p2a: Tyranitar\n|turn|35\n|\n|t:|1667293240\n|switch|p1a: Buzzwole|Buzzwole|86\/100\n|-damage|p1a: Buzzwole|74\/100|[from] Stealth Rock\n|move|p2a: Tyranitar|Fire Punch|p1a: Buzzwole\n|-supereffective|p1a: Buzzwole\n|-damage|p1a: Buzzwole|13\/100\n|\n|-weather|Sandstorm|[upkeep]\n|-damage|p1a: Buzzwole|7\/100|[from] Sandstorm\n|upkeep\n|turn|36\n|\n|t:|1667293261\n|switch|p2a: Toxapex|Toxapex, F|99\/100\n|-damage|p2a: Toxapex|87\/100|[from] Stealth Rock\n|move|p1a: Buzzwole|Roost|p1a: Buzzwole\n|-heal|p1a: Buzzwole|57\/100\n|-singleturn|p1a: Buzzwole|move: Roost\n|\n|-weather|Sandstorm|[upkeep]\n|-damage|p1a: Buzzwole|51\/100|[from] Sandstorm\n|-damage|p2a: Toxapex|81\/100|[from] Sandstorm\n|upkeep\n|turn|37\n|\n|t:|1667293269\n|move|p1a: Buzzwole|Close Combat|p2a: Toxapex\n|-resisted|p2a: Toxapex\n|-damage|p2a: Toxapex|60\/100\n|-unboost|p1a: Buzzwole|def|1\n|-unboost|p1a: Buzzwole|spd|1\n|-damage|p1a: Buzzwole|34\/100|[from] item: Rocky Helmet|[of] p2a: Toxapex\n|move|p2a: Toxapex|Toxic|p1a: Buzzwole\n|-status|p1a: Buzzwole|tox\n|\n|-weather|Sandstorm|[upkeep]\n|-damage|p1a: Buzzwole|28\/100 tox|[from] Sandstorm\n|-damage|p2a: Toxapex|54\/100|[from] Sandstorm\n|-damage|p1a: Buzzwole|22\/100 tox|[from] psn\n|upkeep\n|turn|38\n|\n|t:|1667293272\n|move|p1a: Buzzwole|Close Combat|p2a: Toxapex\n|-resisted|p2a: Toxapex\n|-damage|p2a: Toxapex|31\/100\n|-unboost|p1a: Buzzwole|def|1\n|-unboost|p1a: Buzzwole|spd|1\n|-damage|p1a: Buzzwole|5\/100 tox|[from] item: Rocky Helmet|[of] p2a: Toxapex\n|move|p2a: Toxapex|Recover|p2a: Toxapex\n|-heal|p2a: Toxapex|81\/100\n|\n|-weather|Sandstorm|[upkeep]\n|-damage|p1a: Buzzwole|0 fnt|[from] Sandstorm\n|-damage|p2a: Toxapex|75\/100|[from] Sandstorm\n|faint|p1a: Buzzwole\n|upkeep\n|\n|t:|1667293274\n|switch|p1a: Mamoswine|Mamoswine, F|76\/100\n|-damage|p1a: Mamoswine|63\/100|[from] Stealth Rock\n|turn|39\n|inactive|SMxVale has 60 seconds left.\n|j| OmegaTroll\n|inactive|SMxVale has 30 seconds left.\n|inactive|SMxVale has 20 seconds left.\n|\n|t:|1667293326\n|move|p1a: Mamoswine|Earthquake|p2a: Toxapex\n|-supereffective|p2a: Toxapex\n|-damage|p2a: Toxapex|16\/100\n|move|p2a: Toxapex|Scald|p1a: Mamoswine\n|-supereffective|p1a: Mamoswine\n|-damage|p1a: Mamoswine|13\/100\n|\n|-weather|none\n|upkeep\n|turn|40\n|inactive|SMxVale has 30 seconds left this turn.\n|inactive|SMxVale has 20 seconds left.\n|inactive|SMxVale has 15 seconds left.\n|inactive|SMxVale has 10 seconds left.\n|inactive|SMxVale has 5 seconds left.\n|\n|t:|1667293353\n|switch|p2a: Tapu Lele|Tapu Lele|76\/100\n|-damage|p2a: Tapu Lele|63\/100|[from] Stealth Rock\n|-fieldstart|move: Psychic Terrain|[from] ability: Psychic Surge|[of] p2a: Tapu Lele\n|move|p1a: Mamoswine|Earthquake|p2a: Tapu Lele\n|-damage|p2a: Tapu Lele|0 fnt\n|faint|p2a: Tapu Lele\n|\n|upkeep\n|inactive|SMxVale has 10 seconds left this turn.\n|inactive|SMxVale has 5 seconds left.\n|\n|t:|1667293358\n|switch|p2a: Toxapex|Toxapex, F|49\/100\n|-damage|p2a: Toxapex|37\/100|[from] Stealth Rock\n|turn|41\n|inactive|SMxVale has 15 seconds left this turn.\n|\n|t:|1667293363\n|switch|p2a: Tyranitar|Tyranitar, M|51\/100\n|-damage|p2a: Tyranitar|39\/100|[from] Stealth Rock\n|-weather|Sandstorm|[from] ability: Sand Stream|[of] p2a: Tyranitar\n|move|p1a: Mamoswine|Earthquake|p2a: Tyranitar\n|-supereffective|p2a: Tyranitar\n|-damage|p2a: Tyranitar|0 fnt\n|faint|p2a: Tyranitar\n|\n|-weather|Sandstorm|[upkeep]\n|upkeep\n|inactive|SMxVale has 20 seconds left this turn.\n|\n|t:|1667293366\n|switch|p2a: Toxapex|Toxapex, F|70\/100\n|-damage|p2a: Toxapex|58\/100|[from] Stealth Rock\n|turn|42\n|inactive|SMxVale has 30 seconds left this turn.\n|\n|t:|1667293373\n|move|p1a: Mamoswine|Earthquake|p2a: Toxapex\n|-supereffective|p2a: Toxapex\n|-damage|p2a: Toxapex|0 fnt\n|faint|p2a: Toxapex\n|\n|win|Truzimy\n|inactive|SMxVale has 30 seconds left this turn.\n|raw|Truzimy's rating: 1620 &rarr; <strong>1645<\/strong><br \/>(+25 for winning)\n|raw|SMxVale's rating: 1715 &rarr; <strong>1690<\/strong><br \/>(-25 for losing)\n|c|\u2606Truzimy|gg\n|c|\u2606SMxVale|gg\n|l| Horvendil\n|l| OmegaTroll\n|j| legend_dipesh__\n|l|\u2606Truzimy\n|j|\u2606Truzimy\n|player|p1|Truzimy|1\n||Ladder isn't responding, score probably updated but might not have (Request timeout).\n","uploadtime":1667293400,"views":13,"p1id":"truzimy","p2id":"smxvale","formatid":"gen8ou","rating":1645,"private":0,"password":null}