{"id":"gen8ou-1122008461","p1":"Q114","p2":"Cerpy","format":"gen8ou","log":"|j|\u2606Q114\n|j|\u2606Cerpy\n|player|p1|Q114|169|1684\n|player|p2|Cerpy|hilda-dueldisk|1745\n|teamsize|p1|6\n|teamsize|p2|6\n|gametype|singles\n|gen|8\n|tier|[Gen 8] OU\n|rated|\n|html|<div class=\"broadcast-blue\"><strong>OU is currently suspecting Dracovish! For information on how to participate check out the <a href=\"https:\/\/www.smogon.com\/forums\/threads\/3664521\/\">suspect thread<\/a>.<\/strong><\/div>\n|clearpoke\n|poke|p1|Toxapex, M|\n|poke|p1|Ferrothorn, M|\n|poke|p1|Seismitoad, F|\n|poke|p1|Tyranitar, M|\n|poke|p1|Clefable, F|\n|poke|p1|Corviknight, M|\n|poke|p2|Dragapult, M|\n|poke|p2|Torkoal, M|\n|poke|p2|Venusaur, F|\n|poke|p2|Cinderace, F|\n|poke|p2|Hatterene, F|\n|poke|p2|Rotom-Heat|\n|rule|Sleep Clause Mod: Limit one foe put to sleep\n|rule|Species Clause: Limit one of each Pok\u00e9mon\n|rule|OHKO Clause: OHKO moves are banned\n|rule|Evasion Moves Clause: Evasion moves are banned\n|rule|Endless Battle Clause: Forcing endless battles is banned\n|rule|HP Percentage Mod: HP is shown in percentages\n|rule|Dynamax Clause: You cannot dynamax\n|teampreview\n|j| Glazou\n|\n|start\n|switch|p1a: Seismitoad|Seismitoad, F|100\/100\n|switch|p2a: Cinderace|Cinderace, F|100\/100\n|turn|1\n|j| takaaaa\n|\n|move|p2a: Cinderace|U-turn|p1a: Seismitoad\n|-damage|p1a: Seismitoad|85\/100\n|j| HeavenStar\n|\n|switch|p2a: Hatterene|Hatterene, F|100\/100|[from]move: U-turn\n|move|p1a: Seismitoad|Knock Off|p2a: Hatterene\n|-damage|p2a: Hatterene|71\/100\n|-enditem|p2a: Hatterene|Focus Sash|[from] move: Knock Off|[of] p1a: Seismitoad\n|\n|-heal|p1a: Seismitoad|92\/100|[from] item: Leftovers\n|upkeep\n|turn|2\n|\n|move|p1a: Seismitoad|Scald|p2a: Hatterene\n|-damage|p2a: Hatterene|39\/100\n|move|p2a: Hatterene|Nuzzle|p1a: Seismitoad\n|-immune|p1a: Seismitoad\n|\n|-heal|p1a: Seismitoad|98\/100|[from] item: Leftovers\n|upkeep\n|turn|3\n|\n|move|p1a: Seismitoad|Scald|p2a: Hatterene\n|-damage|p2a: Hatterene|10\/100\n|move|p2a: Hatterene|Giga Drain|p1a: Seismitoad\n|-supereffective|p1a: Seismitoad\n|-damage|p1a: Seismitoad|0 fnt\n|-heal|p2a: Hatterene|88\/100|[from] drain|[of] p1a: Seismitoad\n|faint|p1a: Seismitoad\n|\n|upkeep\n|j| angrrry\n|\n|switch|p1a: Toxapex|Toxapex, M|100\/100\n|turn|4\n|\n|move|p2a: Hatterene|Psychic|p1a: Toxapex\n|-supereffective|p1a: Toxapex\n|-damage|p1a: Toxapex|15\/100\n|move|p1a: Toxapex|Poison Jab|p2a: Hatterene\n|-supereffective|p2a: Hatterene\n|-damage|p2a: Hatterene|38\/100\n|\n|-heal|p1a: Toxapex|21\/100|[from] item: Black Sludge\n|upkeep\n|turn|5\n|\n|switch|p1a: Ferrothorn|Ferrothorn, M|100\/100\n|move|p2a: Hatterene|Nuzzle|p1a: Ferrothorn\n|-resisted|p1a: Ferrothorn\n|-damage|p1a: Ferrothorn|99\/100\n|-status|p1a: Ferrothorn|par\n|-damage|p2a: Hatterene|26\/100|[from] ability: Iron Barbs|[of] p1a: Ferrothorn\n|\n|-heal|p1a: Ferrothorn|100\/100 par|[from] item: Leftovers\n|upkeep\n|turn|6\n|\n|switch|p1a: Tyranitar|Tyranitar, M|100\/100\n|-weather|Sandstorm|[from] ability: Sand Stream|[of] p1a: Tyranitar\n|move|p2a: Hatterene|Mystical Fire|p1a: Tyranitar\n|-resisted|p1a: Tyranitar\n|-damage|p1a: Tyranitar|96\/100\n|-unboost|p1a: Tyranitar|spa|1\n|\n|-weather|Sandstorm|[upkeep]\n|-damage|p2a: Hatterene|20\/100|[from] Sandstorm\n|upkeep\n|turn|7\n|\n|move|p1a: Tyranitar|Seismic Toss|p2a: Hatterene\n|-damage|p2a: Hatterene|0 fnt\n|faint|p2a: Hatterene\n|\n|-weather|Sandstorm|[upkeep]\n|upkeep\n|\n|switch|p2a: Cinderace|Cinderace, F|100\/100\n|turn|8\n|\n|switch|p1a: Toxapex|Toxapex, M|54\/100\n|move|p2a: Cinderace|U-turn|p1a: Toxapex\n|-resisted|p1a: Toxapex\n|-damage|p1a: Toxapex|47\/100\n|\n|switch|p2a: Rotom|Rotom-Heat|100\/100|[from]move: U-turn\n|\n|-weather|Sandstorm|[upkeep]\n|-damage|p2a: Rotom|95\/100|[from] Sandstorm\n|-damage|p1a: Toxapex|41\/100|[from] Sandstorm\n|-heal|p1a: Toxapex|47\/100|[from] item: Black Sludge\n|upkeep\n|turn|9\n|\n|switch|p1a: Tyranitar|Tyranitar, M|96\/100\n|move|p2a: Rotom|Volt Switch|p1a: Tyranitar\n|-damage|p1a: Tyranitar|89\/100\n|\n|switch|p2a: Cinderace|Cinderace, F|100\/100|[from]move: Volt Switch\n|\n|-weather|Sandstorm|[upkeep]\n|-damage|p2a: Cinderace|95\/100|[from] Sandstorm\n|upkeep\n|turn|10\n|\n|switch|p1a: Toxapex|Toxapex, M|80\/100\n|move|p2a: Cinderace|U-turn|p1a: Toxapex\n|-resisted|p1a: Toxapex\n|-damage|p1a: Toxapex|73\/100\n|\n|switch|p2a: Rotom|Rotom-Heat|95\/100|[from]move: U-turn\n|\n|-weather|none\n|-heal|p1a: Toxapex|79\/100|[from] item: Black Sludge\n|upkeep\n|turn|11\n|\n|move|p2a: Rotom|Volt Switch|p1a: Toxapex\n|-supereffective|p1a: Toxapex\n|-damage|p1a: Toxapex|40\/100\n|\n|switch|p2a: Venusaur|Venusaur, F|100\/100|[from]move: Volt Switch\n|move|p1a: Toxapex|Knock Off|p2a: Venusaur\n|-damage|p2a: Venusaur|81\/100\n|-enditem|p2a: Venusaur|Life Orb|[from] move: Knock Off|[of] p1a: Toxapex\n|\n|-heal|p1a: Toxapex|46\/100|[from] item: Black Sludge\n|upkeep\n|turn|12\n|\n|switch|p2a: Torkoal|Torkoal, M|100\/100\n|-weather|SunnyDay|[from] ability: Drought|[of] p2a: Torkoal\n|switch|p1a: Ferrothorn|Ferrothorn, M|100\/100 par\n|\n|-weather|SunnyDay|[upkeep]\n|upkeep\n|turn|13\n|\n|switch|p1a: Tyranitar|Tyranitar, M|89\/100\n|-weather|Sandstorm|[from] ability: Sand Stream|[of] p1a: Tyranitar\n|move|p2a: Torkoal|Stealth Rock|p1a: Tyranitar\n|-sidestart|p1: Q114|move: Stealth Rock\n|\n|-weather|Sandstorm|[upkeep]\n|-damage|p2a: Torkoal|94\/100|[from] Sandstorm\n|upkeep\n|turn|14\n|\n|move|p1a: Tyranitar|Stone Edge|p2a: Torkoal\n|-supereffective|p2a: Torkoal\n|-crit|p2a: Torkoal\n|-damage|p2a: Torkoal|12\/100\n|move|p2a: Torkoal|Yawn|p1a: Tyranitar\n|-start|p1a: Tyranitar|move: Yawn|[of] p2a: Torkoal\n|\n|-weather|Sandstorm|[upkeep]\n|-damage|p2a: Torkoal|6\/100|[from] Sandstorm\n|upkeep\n|turn|15\n|\n|switch|p1a: Toxapex|Toxapex, M|80\/100\n|-damage|p1a: Toxapex|67\/100|[from] Stealth Rock\n|switch|p2a: Rotom|Rotom-Heat|95\/100\n|\n|-weather|Sandstorm|[upkeep]\n|-damage|p2a: Rotom|89\/100|[from] Sandstorm\n|-damage|p1a: Toxapex|62\/100|[from] Sandstorm\n|-heal|p1a: Toxapex|67\/100|[from] item: Black Sludge\n|upkeep\n|turn|16\n|\n|move|p2a: Rotom|Volt Switch|p1a: Toxapex\n|-supereffective|p1a: Toxapex\n|-damage|p1a: Toxapex|24\/100\n|\n|switch|p2a: Torkoal|Torkoal, M|6\/100|[from]move: Volt Switch\n|-weather|SunnyDay|[from] ability: Drought|[of] p2a: Torkoal\n|move|p1a: Toxapex|Scald|p2a: Torkoal\n|-supereffective|p2a: Torkoal\n|-damage|p2a: Torkoal|0 fnt\n|faint|p2a: Torkoal\n|\n|-weather|SunnyDay|[upkeep]\n|-heal|p1a: Toxapex|30\/100|[from] item: Black Sludge\n|upkeep\n|\n|switch|p2a: Venusaur|Venusaur, F|81\/100\n|turn|17\n|\n|switch|p1a: Tyranitar|Tyranitar, M|89\/100\n|-damage|p1a: Tyranitar|76\/100|[from] Stealth Rock\n|-weather|Sandstorm|[from] ability: Sand Stream|[of] p1a: Tyranitar\n|move|p2a: Venusaur|Growth|p2a: Venusaur\n|-boost|p2a: Venusaur|atk|1\n|-boost|p2a: Venusaur|spa|1\n|\n|-weather|Sandstorm|[upkeep]\n|-damage|p2a: Venusaur|75\/100|[from] Sandstorm\n|upkeep\n|turn|18\n|\n|move|p2a: Venusaur|Giga Drain|p1a: Tyranitar\n|-supereffective|p1a: Tyranitar\n|-damage|p1a: Tyranitar|46\/100\n|-heal|p2a: Venusaur|95\/100|[from] drain|[of] p1a: Tyranitar\n|move|p1a: Tyranitar|Stone Edge|p2a: Venusaur\n|-damage|p2a: Venusaur|39\/100\n|\n|-weather|Sandstorm|[upkeep]\n|-damage|p2a: Venusaur|33\/100|[from] Sandstorm\n|upkeep\n|turn|19\n|\n|switch|p1a: Ferrothorn|Ferrothorn, M|100\/100 par\n|-damage|p1a: Ferrothorn|95\/100 par|[from] Stealth Rock\n|move|p2a: Venusaur|Giga Drain|p1a: Ferrothorn\n|-resisted|p1a: Ferrothorn\n|-damage|p1a: Ferrothorn|86\/100 par\n|-heal|p2a: Venusaur|39\/100|[from] drain|[of] p1a: Ferrothorn\n|\n|-weather|Sandstorm|[upkeep]\n|-damage|p2a: Venusaur|33\/100|[from] Sandstorm\n|-heal|p1a: Ferrothorn|92\/100 par|[from] item: Leftovers\n|upkeep\n|turn|20\n|\n|switch|p2a: Cinderace|Cinderace, F|95\/100\n|cant|p1a: Ferrothorn|par\n|\n|-weather|Sandstorm|[upkeep]\n|-damage|p2a: Cinderace|89\/100|[from] Sandstorm\n|-heal|p1a: Ferrothorn|98\/100 par|[from] item: Leftovers\n|upkeep\n|turn|21\n|\n|switch|p1a: Toxapex|Toxapex, M|63\/100\n|-damage|p1a: Toxapex|51\/100|[from] Stealth Rock\n|move|p2a: Cinderace|U-turn|p1a: Toxapex\n|-resisted|p1a: Toxapex\n|-damage|p1a: Toxapex|44\/100\n|\n|switch|p2a: Dragapult|Dragapult, M|100\/100|[from]move: U-turn\n|\n|-weather|none\n|-heal|p1a: Toxapex|50\/100|[from] item: Black Sludge\n|upkeep\n|turn|22\n|\n|switch|p1a: Clefable|Clefable, F|100\/100\n|-damage|p1a: Clefable|88\/100|[from] Stealth Rock\n|move|p2a: Dragapult|Dragon Darts|p1a: Clefable\n|-immune|p1a: Clefable\n|\n|-heal|p1a: Clefable|94\/100|[from] item: Leftovers\n|upkeep\n|turn|23\n|inactive|Battle timer is ON: inactive players will automatically lose when time's up. (requested by Cerpy)\n|\n|switch|p2a: Rotom|Rotom-Heat|89\/100\n|move|p1a: Clefable|Wish|p1a: Clefable\n|\n|-heal|p1a: Clefable|99\/100|[from] item: Leftovers\n|upkeep\n|turn|24\n|\n|switch|p1a: Tyranitar|Tyranitar, M|46\/100\n|-damage|p1a: Tyranitar|34\/100|[from] Stealth Rock\n|-weather|Sandstorm|[from] ability: Sand Stream|[of] p1a: Tyranitar\n|move|p2a: Rotom|Nasty Plot|p2a: Rotom\n|-boost|p2a: Rotom|spa|2\n|\n|-weather|Sandstorm|[upkeep]\n|-damage|p2a: Rotom|83\/100|[from] Sandstorm\n|-heal|p1a: Tyranitar|83\/100|[from] move: Wish|[wisher] Clefable\n|upkeep\n|turn|25\n|\n|move|p2a: Rotom|Volt Switch|p1a: Tyranitar\n|-damage|p1a: Tyranitar|68\/100\n|\n|switch|p2a: Cinderace|Cinderace, F|89\/100|[from]move: Volt Switch\n|move|p1a: Tyranitar|Stone Edge|p2a: Cinderace\n|-supereffective|p2a: Cinderace\n|-damage|p2a: Cinderace|0 fnt\n|faint|p2a: Cinderace\n|\n|-weather|Sandstorm|[upkeep]\n|upkeep\n|\n|switch|p2a: Dragapult|Dragapult, M|100\/100\n|turn|26\n|\n|switch|p1a: Corviknight|Corviknight, M|100\/100\n|-damage|p1a: Corviknight|88\/100|[from] Stealth Rock\n|-ability|p1a: Corviknight|Pressure\n|move|p2a: Dragapult|Dragon Dance|p2a: Dragapult\n|-boost|p2a: Dragapult|atk|1\n|-boost|p2a: Dragapult|spe|1\n|\n|-weather|Sandstorm|[upkeep]\n|-damage|p2a: Dragapult|95\/100|[from] Sandstorm\n|upkeep\n|turn|27\n|\n|move|p2a: Dragapult|Flamethrower|p1a: Corviknight\n|-supereffective|p1a: Corviknight\n|-damage|p1a: Corviknight|37\/100\n|-damage|p2a: Dragapult|85\/100|[from] item: Life Orb\n|move|p1a: Corviknight|Defog|p2a: Dragapult\n|-unboost|p2a: Dragapult|evasion|1\n|-sideend|p1: Q114|Stealth Rock|[from] move: Defog|[of] p1a: Corviknight\n|\n|-weather|Sandstorm|[upkeep]\n|-damage|p2a: Dragapult|79\/100|[from] Sandstorm\n|upkeep\n|turn|28\n|\n|move|p2a: Dragapult|Flamethrower|p1a: Corviknight\n|-supereffective|p1a: Corviknight\n|-damage|p1a: Corviknight|0 fnt\n|-damage|p2a: Dragapult|69\/100|[from] item: Life Orb\n|faint|p1a: Corviknight\n|\n|-weather|none\n|upkeep\n|\n|switch|p1a: Clefable|Clefable, F|99\/100\n|turn|29\n|\n|move|p2a: Dragapult|Steel Wing|p1a: Clefable\n|-supereffective|p1a: Clefable\n|-damage|p1a: Clefable|52\/100\n|-damage|p2a: Dragapult|59\/100|[from] item: Life Orb\n|move|p1a: Clefable|Moonblast|p2a: Dragapult\n|-supereffective|p2a: Dragapult\n|-damage|p2a: Dragapult|0 fnt\n|faint|p2a: Dragapult\n|\n|-heal|p1a: Clefable|58\/100|[from] item: Leftovers\n|upkeep\n|\n|switch|p2a: Rotom|Rotom-Heat|83\/100\n|turn|30\n|\n|switch|p1a: Tyranitar|Tyranitar, M|68\/100\n|-weather|Sandstorm|[from] ability: Sand Stream|[of] p1a: Tyranitar\n|move|p2a: Rotom|Toxic|p1a: Tyranitar\n|-status|p1a: Tyranitar|tox\n|\n|-weather|Sandstorm|[upkeep]\n|-damage|p2a: Rotom|77\/100|[from] Sandstorm\n|-damage|p1a: Tyranitar|62\/100 tox|[from] psn\n|upkeep\n|turn|31\n|\n|move|p2a: Rotom|Volt Switch|p1a: Tyranitar\n|-damage|p1a: Tyranitar|55\/100 tox\n|\n|switch|p2a: Venusaur|Venusaur, F|33\/100|[from]move: Volt Switch\n|move|p1a: Tyranitar|Stone Edge|p2a: Venusaur|[miss]\n|-miss|p1a: Tyranitar|p2a: Venusaur\n|\n|-weather|Sandstorm|[upkeep]\n|-damage|p2a: Venusaur|27\/100|[from] Sandstorm\n|-damage|p1a: Tyranitar|43\/100 tox|[from] psn\n|upkeep\n|turn|32\n|\n|switch|p1a: Ferrothorn|Ferrothorn, M|98\/100 par\n|move|p2a: Venusaur|Giga Drain|p1a: Ferrothorn\n|-resisted|p1a: Ferrothorn\n|-damage|p1a: Ferrothorn|92\/100 par\n|-heal|p2a: Venusaur|30\/100|[from] drain|[of] p1a: Ferrothorn\n|\n|-weather|Sandstorm|[upkeep]\n|-damage|p2a: Venusaur|24\/100|[from] Sandstorm\n|-heal|p1a: Ferrothorn|98\/100 par|[from] item: Leftovers\n|upkeep\n|turn|33\n|\n|switch|p2a: Rotom|Rotom-Heat|77\/100\n|cant|p1a: Ferrothorn|par\n|\n|-weather|Sandstorm|[upkeep]\n|-damage|p2a: Rotom|71\/100|[from] Sandstorm\n|-heal|p1a: Ferrothorn|100\/100 par|[from] item: Leftovers\n|upkeep\n|turn|34\n|\n|switch|p1a: Toxapex|Toxapex, M|83\/100\n|move|p2a: Rotom|Nasty Plot|p2a: Rotom\n|-boost|p2a: Rotom|spa|2\n|\n|-weather|none\n|-heal|p1a: Toxapex|89\/100|[from] item: Black Sludge\n|upkeep\n|turn|35\n|\n|move|p2a: Rotom|Volt Switch|p1a: Toxapex\n|-supereffective|p1a: Toxapex\n|-damage|p1a: Toxapex|5\/100\n|\n|switch|p2a: Venusaur|Venusaur, F|24\/100|[from]move: Volt Switch\n|move|p1a: Toxapex|Scald|p2a: Venusaur\n|-resisted|p2a: Venusaur\n|-damage|p2a: Venusaur|15\/100\n|\n|-heal|p1a: Toxapex|11\/100|[from] item: Black Sludge\n|upkeep\n|turn|36\n|\n|switch|p2a: Rotom|Rotom-Heat|71\/100\n|switch|p1a: Ferrothorn|Ferrothorn, M|100\/100 par\n|\n|upkeep\n|turn|37\n|\n|move|p2a: Rotom|Nasty Plot|p2a: Rotom\n|-boost|p2a: Rotom|spa|2\n|move|p1a: Ferrothorn|Leech Seed|p2a: Rotom\n|-start|p2a: Rotom|move: Leech Seed\n|\n|-damage|p2a: Rotom|59\/100|[from] Leech Seed|[of] p1a: Ferrothorn\n|upkeep\n|turn|38\n|\n|move|p1a: Ferrothorn|Protect|p1a: Ferrothorn\n|-singleturn|p1a: Ferrothorn|Protect\n|move|p2a: Rotom|Volt Switch|p1a: Ferrothorn\n|-activate|p1a: Ferrothorn|move: Protect\n|\n|-damage|p2a: Rotom|46\/100|[from] Leech Seed|[of] p1a: Ferrothorn\n|upkeep\n|turn|39\n|\n|switch|p1a: Clefable|Clefable, F|58\/100\n|move|p2a: Rotom|Overheat|p1a: Clefable\n|-damage|p1a: Clefable|17\/100\n|-unboost|p2a: Rotom|spa|2\n|\n|-heal|p1a: Clefable|23\/100|[from] item: Leftovers\n|-damage|p2a: Rotom|34\/100|[from] Leech Seed|[of] p1a: Clefable\n|-heal|p1a: Clefable|32\/100|[silent]\n|upkeep\n|turn|40\n|\n|switch|p2a: Venusaur|Venusaur, F|15\/100\n|move|p1a: Clefable|Protect||[still]\n|-fail|p1a: Clefable\n|\n|-heal|p1a: Clefable|38\/100|[from] item: Leftovers\n|upkeep\n|turn|41\n|\n|switch|p1a: Ferrothorn|Ferrothorn, M|100\/100 par\n|move|p2a: Venusaur|Growth|p2a: Venusaur\n|-boost|p2a: Venusaur|atk|1\n|-boost|p2a: Venusaur|spa|1\n|\n|upkeep\n|turn|42\n|\n|move|p2a: Venusaur|Giga Drain|p1a: Ferrothorn\n|-resisted|p1a: Ferrothorn\n|-damage|p1a: Ferrothorn|91\/100 par\n|-heal|p2a: Venusaur|20\/100|[from] drain|[of] p1a: Ferrothorn\n|cant|p1a: Ferrothorn|par\n|\n|-heal|p1a: Ferrothorn|97\/100 par|[from] item: Leftovers\n|upkeep\n|turn|43\n|\n|switch|p2a: Rotom|Rotom-Heat|34\/100\n|move|p1a: Ferrothorn|Knock Off|p2a: Rotom\n|-damage|p2a: Rotom|13\/100\n|-enditem|p2a: Rotom|Heavy-Duty Boots|[from] move: Knock Off|[of] p1a: Ferrothorn\n|\n|-heal|p1a: Ferrothorn|100\/100 par|[from] item: Leftovers\n|upkeep\n|turn|44\n|-message|Cerpy forfeited.\n|\n|win|Q114\n|l|\u2606Cerpy\n|raw|Q114's rating: 1684 &rarr; <strong>1707<\/strong><br \/>(+23 for winning)\n|raw|Cerpy's rating: 1745 &rarr; <strong>1721<\/strong><br \/>(-24 for losing)\n","uploadtime":1590563737,"views":32,"p1id":"q114","p2id":"cerpy","formatid":"gen8ou","rating":1707,"private":0,"password":null}