{"id":"gen8ou-1685226674","p1":"I'M AT MY LIMIT!","p2":"SatelliteFifteen","format":"gen8ou","log":"|j|\u2606I'M AT MY LIMIT!\n|j|\u2606SatelliteFifteen\n|inactive|Battle timer is ON: inactive players will automatically lose when time's up.\n|t:|1665709664\n|gametype|singles\n|player|p1|I'M AT MY LIMIT!|lucas|\n|player|p2|SatelliteFifteen|byron|\n|teamsize|p1|6\n|teamsize|p2|6\n|gen|8\n|tier|[Gen 8] OU\n|rated|Tournament battle\n|rule|Sleep Clause Mod: Limit one foe put to sleep\n|rule|Species Clause: Limit one of each Pok\u00e9mon\n|rule|OHKO Clause: OHKO moves are banned\n|rule|Evasion Items Clause: Evasion items are banned\n|rule|Evasion Moves Clause: Evasion moves are banned\n|rule|Endless Battle Clause: Forcing endless battles is banned\n|rule|HP Percentage Mod: HP is shown in percentages\n|rule|Dynamax Clause: You cannot dynamax\n|clearpoke\n|poke|p1|Clefable, F|\n|poke|p1|Gastrodon, F|\n|poke|p1|Heatran, M|\n|poke|p1|Rotom-Wash|\n|poke|p1|Skarmory, M|\n|poke|p1|Tapu Koko|\n|poke|p2|Cloyster, F|\n|poke|p2|Polteageist|\n|poke|p2|Crawdaunt, M|\n|poke|p2|Indeedee, M|\n|poke|p2|Regieleki|\n|poke|p2|Klefki, M|\n|teampreview\n|j| casualsister\n|\n|t:|1665709677\n|start\n|switch|p1a: Tapu Koko|Tapu Koko|100\/100\n|switch|p2a: King Crimson|Crawdaunt, M|100\/100\n|-fieldstart|move: Electric Terrain|[from] ability: Electric Surge|[of] p1a: Tapu Koko\n|turn|1\n|\n|t:|1665709680\n|switch|p2a: Rainbow|Indeedee, M|100\/100\n|-fieldstart|move: Psychic Terrain|[from] ability: Psychic Surge|[of] p2a: Rainbow\n|move|p1a: Tapu Koko|Volt Switch|p2a: Rainbow\n|-damage|p2a: Rainbow|61\/100\n|\n|t:|1665709684\n|switch|p1a: Heatran|Heatran, M|100\/100|[from]move: Volt Switch\n|\n|upkeep\n|turn|2\n|\n|t:|1665709690\n|move|p2a: Rainbow|Expanding Force|p1a: Heatran\n|-resisted|p1a: Heatran\n|-damage|p1a: Heatran|76\/100\n|move|p1a: Heatran|Stealth Rock|p2a: Rainbow\n|-sidestart|p2: SatelliteFifteen|move: Stealth Rock\n|\n|-heal|p1a: Heatran|83\/100|[from] item: Leftovers\n|upkeep\n|turn|3\n|\n|t:|1665709693\n|move|p2a: Rainbow|Encore|p1a: Heatran\n|-start|p1a: Heatran|Encore\n|move|p1a: Heatran|Stealth Rock||[still]\n|-fail|p1a: Heatran\n|\n|-heal|p1a: Heatran|89\/100|[from] item: Leftovers\n|upkeep\n|turn|4\n|\n|t:|1665709698\n|switch|p2a: ELO|Regieleki|100\/100\n|-damage|p2a: ELO|88\/100|[from] Stealth Rock\n|switch|p1a: Tapu Koko|Tapu Koko|100\/100\n|-fieldstart|move: Electric Terrain|[from] ability: Electric Surge|[of] p1a: Tapu Koko\n|\n|upkeep\n|turn|5\n|\n|t:|1665709700\n|move|p2a: ELO|Rapid Spin|p1a: Tapu Koko\n|-damage|p1a: Tapu Koko|87\/100\n|-boost|p2a: ELO|spe|1\n|-sideend|p2: SatelliteFifteen|Stealth Rock|[from] move: Rapid Spin|[of] p2a: ELO\n|move|p1a: Tapu Koko|Toxic|p2a: ELO\n|-status|p2a: ELO|tox\n|\n|-damage|p2a: ELO|82\/100 tox|[from] psn\n|upkeep\n|turn|6\n|\n|t:|1665709712\n|switch|p2a: Cheap Trick|Klefki, M|100\/100\n|move|p1a: Tapu Koko|Volt Switch|p2a: Cheap Trick\n|-damage|p2a: Cheap Trick|57\/100\n|-enditem|p2a: Cheap Trick|Eject Button\n|j| OUTD bashing OU\n|j| Bob240\n|l| Bob240\n|inactive|SatelliteFifteen has 120 seconds left.\n|\n|t:|1665709748\n|switch|p2a: Blue \u00d6yster Cult|Cloyster, F, shiny|100\/100\n|\n|upkeep\n|turn|7\n|\n|t:|1665709751\n|switch|p2a: Cheap Trick|Klefki, M|57\/100\n|move|p1a: Tapu Koko|Volt Switch|p2a: Cheap Trick\n|-damage|p2a: Cheap Trick|12\/100\n|\n|t:|1665709754\n|switch|p1a: Rotom|Rotom-Wash|100\/100|[from]move: Volt Switch\n|\n|upkeep\n|turn|8\n|\n|t:|1665709756\n|move|p2a: Cheap Trick|Fairy Lock|p2a: Cheap Trick\n|-fieldactivate|move: Fairy Lock\n|move|p1a: Rotom|Volt Switch|p2a: Cheap Trick\n|-damage|p2a: Cheap Trick|0 fnt\n|faint|p2a: Cheap Trick\n|\n|t:|1665709760\n|switch|p1a: Tapu Koko|Tapu Koko|87\/100|[from]move: Volt Switch\n|\n|-fieldend|move: Electric Terrain\n|upkeep\n|\n|t:|1665709767\n|switch|p2a: ELO|Regieleki|82\/100 tox\n|turn|9\n|\n|t:|1665709772\n|move|p2a: ELO|Volt Switch|p1a: Tapu Koko\n|-resisted|p1a: Tapu Koko\n|-damage|p1a: Tapu Koko|34\/100\n|\n|t:|1665709778\n|switch|p2a: Rainbow|Indeedee, M|61\/100|[from]move: Volt Switch\n|-fieldstart|move: Psychic Terrain|[from] ability: Psychic Surge|[of] p2a: Rainbow\n|move|p1a: Tapu Koko|Roost|p1a: Tapu Koko\n|-heal|p1a: Tapu Koko|85\/100\n|-singleturn|p1a: Tapu Koko|move: Roost\n|\n|upkeep\n|turn|10\n|\n|t:|1665709782\n|switch|p2a: ELO|Regieleki|82\/100 tox\n|move|p1a: Tapu Koko|Volt Switch|p2a: ELO\n|-resisted|p2a: ELO\n|-damage|p2a: ELO|55\/100 tox\n|\n|t:|1665709785\n|switch|p1a: Heatran|Heatran, M|89\/100|[from]move: Volt Switch\n|\n|-heal|p1a: Heatran|95\/100|[from] item: Leftovers\n|-damage|p2a: ELO|49\/100 tox|[from] psn\n|upkeep\n|turn|11\n|\n|t:|1665709787\n|switch|p1a: Gastrodon|Gastrodon, F|100\/100\n|move|p2a: ELO|Volt Switch|p1a: Gastrodon\n|-immune|p1a: Gastrodon\n|\n|-damage|p2a: ELO|37\/100 tox|[from] psn\n|upkeep\n|turn|12\n|\n|t:|1665709791\n|switch|p2a: King Crimson|Crawdaunt, M|100\/100\n|switch|p1a: Tapu Koko|Tapu Koko|85\/100\n|-fieldstart|move: Electric Terrain|[from] ability: Electric Surge|[of] p1a: Tapu Koko\n|\n|upkeep\n|turn|13\n|\n|t:|1665709803\n|move|p1a: Tapu Koko|Dazzling Gleam|p2a: King Crimson\n|-supereffective|p2a: King Crimson\n|-damage|p2a: King Crimson|0 fnt\n|faint|p2a: King Crimson\n|\n|upkeep\n|\n|t:|1665709819\n|switch|p2a: ELO|Regieleki|37\/100 tox\n|turn|14\n|\n|t:|1665709822\n|switch|p2a: Blue \u00d6yster Cult|Cloyster, F, shiny|100\/100\n|move|p1a: Tapu Koko|Roost|p1a: Tapu Koko\n|-heal|p1a: Tapu Koko|100\/100\n|-singleturn|p1a: Tapu Koko|move: Roost\n|\n|upkeep\n|turn|15\n|\n|t:|1665709849\n|switch|p2a: ELO|Regieleki|37\/100 tox\n|move|p1a: Tapu Koko|Volt Switch|p2a: ELO\n|-resisted|p2a: ELO\n|-damage|p2a: ELO|1\/100 tox\n|j| El Hueco Mundo\n|\n|t:|1665709854\n|switch|p1a: Rotom|Rotom-Wash|100\/100|[from]move: Volt Switch\n|\n|-damage|p2a: ELO|0 fnt|[from] psn\n|faint|p2a: ELO\n|upkeep\n|j|@Mimikyu Stardust\n|j| CherN0ble\n|\n|t:|1665709862\n|switch|p2a: The Moody Blues|Polteageist|100\/100\n|turn|16\n|\n|t:|1665709872\n|move|p2a: The Moody Blues|Shell Smash|p2a: The Moody Blues\n|-unboost|p2a: The Moody Blues|def|1\n|-unboost|p2a: The Moody Blues|spd|1\n|-boost|p2a: The Moody Blues|atk|2\n|-boost|p2a: The Moody Blues|spa|2\n|-boost|p2a: The Moody Blues|spe|2\n|move|p1a: Rotom|Volt Switch|p2a: The Moody Blues\n|-damage|p2a: The Moody Blues|56\/100\n|l| El Hueco Mundo\n|\n|t:|1665709880\n|switch|p1a: Heatran|Heatran, M|95\/100|[from]move: Volt Switch\n|\n|-heal|p1a: Heatran|100\/100|[from] item: Leftovers\n|-fieldend|move: Electric Terrain\n|upkeep\n|turn|17\n|\n|t:|1665709882\n|move|p2a: The Moody Blues|Shadow Ball|p1a: Heatran\n|-crit|p1a: Heatran\n|-damage|p1a: Heatran|14\/100\n|move|p1a: Heatran|Heavy Slam|p2a: The Moody Blues\n|-damage|p2a: The Moody Blues|0 fnt\n|faint|p2a: The Moody Blues\n|\n|-heal|p1a: Heatran|20\/100|[from] item: Leftovers\n|upkeep\n|\n|t:|1665709890\n|switch|p2a: Rainbow|Indeedee, M|61\/100\n|-fieldstart|move: Psychic Terrain|[from] ability: Psychic Surge|[of] p2a: Rainbow\n|turn|18\n|\n|t:|1665709893\n|move|p2a: Rainbow|Encore|p1a: Heatran\n|-start|p1a: Heatran|Encore\n|move|p1a: Heatran|Heavy Slam|p2a: Rainbow\n|-damage|p2a: Rainbow|0 fnt\n|faint|p2a: Rainbow\n|\n|-heal|p1a: Heatran|27\/100|[from] item: Leftovers\n|upkeep\n|\n|t:|1665709894\n|switch|p2a: Blue \u00d6yster Cult|Cloyster, F, shiny|100\/100\n|turn|19\n|\n|t:|1665709900\n|move|p2a: Blue \u00d6yster Cult|Shell Smash|p2a: Blue \u00d6yster Cult\n|-unboost|p2a: Blue \u00d6yster Cult|def|1\n|-unboost|p2a: Blue \u00d6yster Cult|spd|1\n|-boost|p2a: Blue \u00d6yster Cult|atk|2\n|-boost|p2a: Blue \u00d6yster Cult|spa|2\n|-boost|p2a: Blue \u00d6yster Cult|spe|2\n|move|p1a: Heatran|Heavy Slam|p2a: Blue \u00d6yster Cult\n|-damage|p2a: Blue \u00d6yster Cult|71\/100\n|\n|-heal|p1a: Heatran|33\/100|[from] item: Leftovers\n|upkeep\n|turn|20\n|\n|t:|1665709901\n|move|p2a: Blue \u00d6yster Cult|Shell Smash|p2a: Blue \u00d6yster Cult\n|-unboost|p2a: Blue \u00d6yster Cult|def|1\n|-unboost|p2a: Blue \u00d6yster Cult|spd|1\n|-boost|p2a: Blue \u00d6yster Cult|atk|2\n|-boost|p2a: Blue \u00d6yster Cult|spa|2\n|-boost|p2a: Blue \u00d6yster Cult|spe|2\n|move|p1a: Heatran|Heavy Slam|p2a: Blue \u00d6yster Cult\n|-damage|p2a: Blue \u00d6yster Cult|28\/100\n|\n|-heal|p1a: Heatran|39\/100|[from] item: Leftovers\n|-end|p1a: Heatran|Encore\n|upkeep\n|turn|21\n|\n|t:|1665709904\n|move|p2a: Blue \u00d6yster Cult|Liquidation|p1a: Heatran\n|-supereffective|p1a: Heatran\n|-damage|p1a: Heatran|0 fnt\n|faint|p1a: Heatran\n|\n|upkeep\n|\n|t:|1665709908\n|switch|p1a: Skarmory|Skarmory, M|100\/100\n|turn|22\n|\n|t:|1665709910\n|move|p2a: Blue \u00d6yster Cult|Icicle Spear|p1a: Skarmory\n|-damage|p1a: Skarmory|80\/100\n|-damage|p1a: Skarmory|58\/100\n|-damage|p1a: Skarmory|38\/100\n|-damage|p1a: Skarmory|16\/100\n|-crit|p1a: Skarmory\n|-damage|p1a: Skarmory|0 fnt\n|faint|p1a: Skarmory\n|-hitcount|p1: Skarmory|5\n|\n|upkeep\n|\n|t:|1665709912\n|switch|p1a: Rotom|Rotom-Wash|100\/100\n|turn|23\n|\n|t:|1665709914\n|move|p2a: Blue \u00d6yster Cult|Pin Missile|p1a: Rotom\n|-damage|p1a: Rotom|76\/100\n|-damage|p1a: Rotom|52\/100\n|-damage|p1a: Rotom|28\/100\n|-damage|p1a: Rotom|2\/100\n|-damage|p1a: Rotom|0 fnt\n|faint|p1a: Rotom\n|-hitcount|p1: Rotom|5\n|\n|upkeep\n|\n|t:|1665709916\n|switch|p1a: Gastrodon|Gastrodon, F|100\/100\n|turn|24\n|\n|t:|1665709917\n|move|p2a: Blue \u00d6yster Cult|Icicle Spear|p1a: Gastrodon\n|-damage|p1a: Gastrodon|62\/100\n|-damage|p1a: Gastrodon|26\/100\n|-damage|p1a: Gastrodon|0 fnt\n|faint|p1a: Gastrodon\n|-hitcount|p1: Gastrodon|3\n|\n|upkeep\n|-message|I'M AT MY LIMIT! forfeited.\n|\n|win|SatelliteFifteen\n|n|\u2606I'M AT MY LIMIT!|imatmylimit\n|n|\u2606SatelliteFifteen|satellitefifteen\n|n| casualsister|casualsister\n|n| OUTD bashing OU|outdbashingou\n|n| Mimikyu Stardust|mimikyustardust\n|n| CherN0ble|chern0ble\n|l|\u2606I'M AT MY LIMIT!\n|l|\u2606SatelliteFifteen\n|l| casualsister\n|j| blastablasta\n|l| blastablasta\n|l| Mimikyu Stardust\n|j| Mimikyu Stardust\n|l| Mimikyu Stardust\n|j| Mimikyu Stardust\n","uploadtime":1665710416,"views":39,"p1id":"imatmylimit","p2id":"satellitefifteen","formatid":"gen8ou","rating":0,"private":0,"password":null}