{"id":"gen8ou-1519886036","p1":"legitteambuilder","p2":"Zaza BitchuLia","format":"gen8ou","log":"|j|\u2606legitteambuilder\n|j|\u2606Zaza BitchuLia\n|inactive|Battle timer is ON: inactive players will automatically lose when time's up.\n|t:|1645979599\n|gametype|singles\n|player|p1|legitteambuilder|benga|\n|player|p2|Zaza BitchuLia|blaine|\n|teamsize|p1|6\n|teamsize|p2|6\n|gen|8\n|tier|[Gen 8] OU\n|rated|Tournament battle\n|rule|Sleep Clause Mod: Limit one foe put to sleep\n|rule|Species Clause: Limit one of each Pok\u00e9mon\n|rule|OHKO Clause: OHKO moves are banned\n|rule|Evasion Moves Clause: Evasion moves are banned\n|rule|Endless Battle Clause: Forcing endless battles is banned\n|rule|HP Percentage Mod: HP is shown in percentages\n|rule|Dynamax Clause: You cannot dynamax\n|clearpoke\n|poke|p1|Nidoking, M|\n|poke|p1|Weavile, F|\n|poke|p1|Corviknight, M|\n|poke|p1|Slowbro, M|\n|poke|p1|Buzzwole|\n|poke|p1|Heatran, F|\n|poke|p2|Garchomp, M|\n|poke|p2|Ferrothorn, M|\n|poke|p2|Clefable, F|\n|poke|p2|Rotom-Wash|\n|poke|p2|Tornadus-Therian, M|\n|poke|p2|Weavile, F|\n|teampreview\n|j| NoTollsNoRolls\n|c|\u2606Zaza BitchuLia|hf\n|c|\u2606legitteambuilder|gl\n|j| ChaosDraco95\n|j| Mogus Mogul\n|j| peal3\n|\n|t:|1645979629\n|start\n|switch|p1a: Slowbro|Slowbro, M|100\/100\n|switch|p2a: Idea 4|Rotom-Wash|100\/100\n|turn|1\n|\n|t:|1645979634\n|move|p2a: Idea 4|Thunder Wave|p1a: Slowbro\n|-status|p1a: Slowbro|par\n|move|p1a: Slowbro|Future Sight|p2a: Idea 4\n|-start|p1a: Slowbro|move: Future Sight\n|\n|upkeep\n|turn|2\n|j| EyBliss\n|j|+Pinkacross\n|\n|t:|1645979648\n|move|p2a: Idea 4|Volt Switch|p1a: Slowbro\n|-supereffective|p1a: Slowbro\n|-damage|p1a: Slowbro|48\/100 par\n|inactive|Zaza BitchuLia has 120 seconds left.\n|\n|t:|1645979690\n|switch|p2a: Idea 5|Tornadus-Therian, M|100\/100|[from]move: Volt Switch\n|cant|p1a: Slowbro|par\n|\n|upkeep\n|turn|3\n|j| Tryoutsbuyouts\n|l| Tryoutsbuyouts\n|\n|t:|1645979708\n|move|p2a: Idea 5|U-turn|p1a: Slowbro\n|-supereffective|p1a: Slowbro\n|-damage|p1a: Slowbro|30\/100 par\n|-damage|p2a: Idea 5|84\/100|[from] item: Rocky Helmet|[of] p1a: Slowbro\n|\n|t:|1645979712\n|switch|p2a: Idea 2|Ferrothorn, M|100\/100|[from]move: U-turn\n|move|p1a: Slowbro|Teleport|p1a: Slowbro\n|\n|t:|1645979717\n|switch|p1a: Nidoking|Nidoking, M|100\/100|[from]move: Teleport\n|\n|-end|p2a: Idea 2|move: Future Sight\n|-resisted|p2a: Idea 2\n|-damage|p2a: Idea 2|83\/100\n|-heal|p2a: Idea 2|89\/100|[from] item: Leftovers\n|upkeep\n|turn|4\n|j| Swagataka\n|\n|t:|1645979740\n|move|p1a: Nidoking|Flamethrower|p2a: Idea 2\n|-supereffective|p2a: Idea 2\n|-damage|p2a: Idea 2|0 fnt\n|faint|p2a: Idea 2\n|\n|upkeep\n|\n|t:|1645979745\n|switch|p2a: Idea 4|Rotom-Wash|100\/100\n|turn|5\n|inactive|legitteambuilder has 120 seconds left.\n|\n|t:|1645979778\n|switch|p1a: Heatran|Heatran, F|100\/100\n|move|p2a: Idea 4|Hydro Pump|p1a: Heatran|[miss]\n|-miss|p2a: Idea 4|p1a: Heatran\n|\n|upkeep\n|turn|6\n|\n|t:|1645979781\n|switch|p2a: Idea 1|Garchomp, M|100\/100\n|move|p1a: Heatran|Stealth Rock|p2a: Idea 1\n|-sidestart|p2: Zaza BitchuLia|move: Stealth Rock\n|\n|upkeep\n|turn|7\n|\n|t:|1645979784\n|switch|p1a: Buzzwole|Buzzwole|100\/100\n|move|p2a: Idea 1|Stealth Rock|p1a: Buzzwole\n|-sidestart|p1: legitteambuilder|move: Stealth Rock\n|\n|upkeep\n|turn|8\n|\n|t:|1645979795\n|switch|p2a: Idea 3|Clefable, F|100\/100\n|move|p1a: Buzzwole|Close Combat|p2a: Idea 3\n|-resisted|p2a: Idea 3\n|-damage|p2a: Idea 3|74\/100\n|-unboost|p1a: Buzzwole|def|1\n|-unboost|p1a: Buzzwole|spd|1\n|\n|upkeep\n|turn|9\n|\n|t:|1645979815\n|switch|p1a: Nidoking|Nidoking, M|100\/100\n|-damage|p1a: Nidoking|95\/100|[from] Stealth Rock\n|move|p2a: Idea 3|Moonblast|p1a: Nidoking\n|-resisted|p1a: Nidoking\n|-damage|p1a: Nidoking|67\/100\n|-unboost|p1a: Nidoking|spa|1\n|\n|upkeep\n|turn|10\n|\n|t:|1645979823\n|switch|p2a: Idea 5|Tornadus-Therian, M|100\/100\n|move|p1a: Nidoking|Sludge Wave|p2a: Idea 5\n|-damage|p2a: Idea 5|52\/100\n|\n|upkeep\n|turn|11\n|\n|t:|1645979829\n|move|p2a: Idea 5|U-turn|p1a: Nidoking\n|-resisted|p1a: Nidoking\n|-damage|p1a: Nidoking|57\/100\n|\n|t:|1645979830\n|switch|p2a: Idea 4|Rotom-Wash|100\/100|[from]move: U-turn\n|-damage|p2a: Idea 4|88\/100|[from] Stealth Rock\n|move|p1a: Nidoking|Ice Beam|p2a: Idea 4\n|-resisted|p2a: Idea 4\n|-damage|p2a: Idea 4|76\/100\n|\n|-heal|p2a: Idea 4|82\/100|[from] item: Leftovers\n|upkeep\n|turn|12\n|\n|t:|1645979844\n|switch|p1a: Slowbro|Slowbro, M|63\/100 par\n|-damage|p1a: Slowbro|51\/100 par|[from] Stealth Rock\n|move|p2a: Idea 4|Hydro Pump|p1a: Slowbro\n|-resisted|p1a: Slowbro\n|-damage|p1a: Slowbro|30\/100 par\n|\n|-heal|p2a: Idea 4|88\/100|[from] item: Leftovers\n|upkeep\n|turn|13\n|\n|t:|1645979847\n|move|p2a: Idea 4|Volt Switch|p1a: Slowbro\n|-supereffective|p1a: Slowbro\n|-damage|p1a: Slowbro|0 fnt\n|faint|p1a: Slowbro\n|inactive|Zaza BitchuLia has 120 seconds left.\n|inactive|Zaza BitchuLia has 90 seconds left.\n|\n|t:|1645979908\n|switch|p2a: Idea 1|Garchomp, M|100\/100|[from]move: Volt Switch\n|-damage|p2a: Idea 1|94\/100|[from] Stealth Rock\n|\n|-heal|p2a: Idea 1|100\/100|[from] item: Leftovers\n|upkeep\n|\n|t:|1645979916\n|switch|p1a: Wunderkind|Weavile, F, shiny|100\/100\n|-damage|p1a: Wunderkind|76\/100|[from] Stealth Rock\n|-ability|p1a: Wunderkind|Pressure\n|turn|14\n|inactive|Zaza BitchuLia has 90 seconds left.\n|\n|t:|1645979934\n|switch|p2a: Idea 6|Weavile, F|100\/100\n|-damage|p2a: Idea 6|76\/100|[from] Stealth Rock\n|-ability|p2a: Idea 6|Pressure\n|move|p1a: Wunderkind|Knock Off|p2a: Idea 6\n|-resisted|p2a: Idea 6\n|-damage|p2a: Idea 6|9\/100\n|-enditem|p2a: Idea 6|Choice Band|[from] move: Knock Off|[of] p1a: Wunderkind\n|\n|upkeep\n|turn|15\n|\n|t:|1645979944\n|switch|p1a: Buzzwole|Buzzwole|100\/100\n|move|p2a: Idea 6|Icicle Crash|p1a: Buzzwole\n|-damage|p1a: Buzzwole|75\/100\n|\n|upkeep\n|turn|16\n|\n|t:|1645979954\n|switch|p2a: Idea 3|Clefable, F|74\/100\n|move|p1a: Buzzwole|Roost|p1a: Buzzwole\n|-heal|p1a: Buzzwole|100\/100\n|-singleturn|p1a: Buzzwole|move: Roost\n|\n|upkeep\n|turn|17\n|\n|t:|1645979957\n|switch|p1a: Heatran|Heatran, F|100\/100\n|-damage|p1a: Heatran|88\/100|[from] Stealth Rock\n|move|p2a: Idea 3|Moonblast|p1a: Heatran\n|-resisted|p1a: Heatran\n|-damage|p1a: Heatran|82\/100\n|\n|-heal|p1a: Heatran|88\/100|[from] item: Leftovers\n|upkeep\n|turn|18\n|\n|t:|1645979961\n|switch|p2a: Idea 1|Garchomp, M|100\/100\n|-damage|p2a: Idea 1|94\/100|[from] Stealth Rock\n|move|p1a: Heatran|Toxic|p2a: Idea 1\n|-status|p2a: Idea 1|tox\n|\n|-heal|p2a: Idea 1|100\/100 tox|[from] item: Leftovers\n|-heal|p1a: Heatran|95\/100|[from] item: Leftovers\n|-damage|p2a: Idea 1|94\/100 tox|[from] psn\n|upkeep\n|turn|19\n|\n|t:|1645979968\n|switch|p1a: Corviknight|Corviknight, M|100\/100\n|-damage|p1a: Corviknight|88\/100|[from] Stealth Rock\n|-ability|p1a: Corviknight|Pressure\n|move|p2a: Idea 1|Swords Dance|p2a: Idea 1\n|-boost|p2a: Idea 1|atk|2\n|\n|-heal|p2a: Idea 1|100\/100 tox|[from] item: Leftovers\n|-heal|p1a: Corviknight|94\/100|[from] item: Leftovers\n|-damage|p2a: Idea 1|88\/100 tox|[from] psn\n|upkeep\n|turn|20\n|\n|t:|1645979977\n|switch|p2a: Idea 3|Clefable, F|74\/100\n|move|p1a: Corviknight|U-turn|p2a: Idea 3\n|-resisted|p2a: Idea 3\n|-crit|p2a: Idea 3\n|-damage|p2a: Idea 3|65\/100\n|\n|t:|1645979980\n|switch|p1a: Nidoking|Nidoking, M|57\/100|[from]move: U-turn\n|-damage|p1a: Nidoking|51\/100|[from] Stealth Rock\n|\n|upkeep\n|turn|21\n|\n|t:|1645979984\n|switch|p2a: Idea 1|Garchomp, M|88\/100 tox\n|-damage|p2a: Idea 1|82\/100 tox|[from] Stealth Rock\n|move|p1a: Nidoking|Sludge Wave|p2a: Idea 1\n|-resisted|p2a: Idea 1\n|-damage|p2a: Idea 1|44\/100 tox\n|\n|-heal|p2a: Idea 1|50\/100 tox|[from] item: Leftovers\n|-damage|p2a: Idea 1|44\/100 tox|[from] psn\n|upkeep\n|turn|22\n|\n|t:|1645980000\n|switch|p2a: Idea 4|Rotom-Wash|88\/100\n|-damage|p2a: Idea 4|76\/100|[from] Stealth Rock\n|switch|p1a: Buzzwole|Buzzwole|100\/100\n|\n|-heal|p2a: Idea 4|82\/100|[from] item: Leftovers\n|upkeep\n|turn|23\n|\n|t:|1645980010\n|move|p2a: Idea 4|Thunder Wave|p1a: Buzzwole\n|-status|p1a: Buzzwole|par\n|move|p1a: Buzzwole|Close Combat|p2a: Idea 4\n|-damage|p2a: Idea 4|9\/100\n|-unboost|p1a: Buzzwole|def|1\n|-unboost|p1a: Buzzwole|spd|1\n|\n|-heal|p2a: Idea 4|15\/100|[from] item: Leftovers\n|upkeep\n|turn|24\n|\n|t:|1645980023\n|switch|p1a: Heatran|Heatran, F|95\/100\n|-damage|p1a: Heatran|82\/100|[from] Stealth Rock\n|move|p2a: Idea 4|Pain Split|p1a: Heatran\n|-sethp|p1a: Heatran|47\/100|[from] move: Pain Split|[silent]\n|-sethp|p2a: Idea 4|60\/100|[from] move: Pain Split\n|\n|-heal|p2a: Idea 4|66\/100|[from] item: Leftovers\n|-heal|p1a: Heatran|53\/100|[from] item: Leftovers\n|upkeep\n|turn|25\n|\n|t:|1645980033\n|move|p2a: Idea 4|Hydro Pump|p1a: Heatran|[miss]\n|-miss|p2a: Idea 4|p1a: Heatran\n|move|p1a: Heatran|Toxic|p2a: Idea 4\n|-status|p2a: Idea 4|tox\n|\n|-heal|p2a: Idea 4|71\/100 tox|[from] item: Leftovers\n|-heal|p1a: Heatran|60\/100|[from] item: Leftovers\n|-damage|p2a: Idea 4|66\/100 tox|[from] psn\n|upkeep\n|turn|26\n|c|\u2606legitteambuilder|sry\n|\n|t:|1645980039\n|switch|p2a: Idea 1|Garchomp, M|44\/100 tox\n|-damage|p2a: Idea 1|38\/100 tox|[from] Stealth Rock\n|move|p1a: Heatran|Magma Storm|p2a: Idea 1\n|-resisted|p2a: Idea 1\n|-damage|p2a: Idea 1|16\/100 tox\n|-activate|p2a: Idea 1|move: Magma Storm|[of] p1a: Heatran\n|\n|-heal|p2a: Idea 1|22\/100 tox|[from] item: Leftovers\n|-heal|p1a: Heatran|66\/100|[from] item: Leftovers\n|-damage|p2a: Idea 1|16\/100 tox|[from] psn\n|-damage|p2a: Idea 1|4\/100 tox|[from] move: Magma Storm|[partiallytrapped]\n|upkeep\n|turn|27\n|\n|t:|1645980051\n|switch|p1a: Corviknight|Corviknight, M|94\/100\n|-damage|p1a: Corviknight|82\/100|[from] Stealth Rock\n|-ability|p1a: Corviknight|Pressure\n|move|p2a: Idea 1|Earthquake|p1a: Corviknight\n|-immune|p1a: Corviknight\n|\n|-heal|p2a: Idea 1|10\/100 tox|[from] item: Leftovers\n|-heal|p1a: Corviknight|88\/100|[from] item: Leftovers\n|-damage|p2a: Idea 1|0 fnt|[from] psn\n|faint|p2a: Idea 1\n|upkeep\n|\n|t:|1645980053\n|switch|p2a: Idea 3|Clefable, F|65\/100\n|turn|28\n|\n|t:|1645980058\n|move|p2a: Idea 3|Soft-Boiled|p2a: Idea 3\n|-heal|p2a: Idea 3|100\/100\n|move|p1a: Corviknight|U-turn|p2a: Idea 3\n|-resisted|p2a: Idea 3\n|-crit|p2a: Idea 3\n|-damage|p2a: Idea 3|91\/100\n|\n|t:|1645980061\n|switch|p1a: Heatran|Heatran, F|66\/100|[from]move: U-turn\n|-damage|p1a: Heatran|53\/100|[from] Stealth Rock\n|\n|-heal|p1a: Heatran|60\/100|[from] item: Leftovers\n|upkeep\n|turn|29\n|\n|t:|1645980068\n|switch|p1a: Nidoking|Nidoking, M|51\/100\n|-damage|p1a: Nidoking|45\/100|[from] Stealth Rock\n|move|p2a: Idea 3|Calm Mind|p2a: Idea 3\n|-boost|p2a: Idea 3|spa|1\n|-boost|p2a: Idea 3|spd|1\n|\n|upkeep\n|turn|30\n|\n|t:|1645980072\n|switch|p2a: Idea 5|Tornadus-Therian, M|85\/100\n|move|p1a: Nidoking|Sludge Wave|p2a: Idea 5\n|-damage|p2a: Idea 5|19\/100\n|\n|upkeep\n|turn|31\n|\n|t:|1645980080\n|switch|p1a: Corviknight|Corviknight, M|88\/100\n|-damage|p1a: Corviknight|75\/100|[from] Stealth Rock\n|-ability|p1a: Corviknight|Pressure\n|move|p2a: Idea 5|U-turn|p1a: Corviknight\n|-resisted|p1a: Corviknight\n|-damage|p1a: Corviknight|72\/100\n|\n|t:|1645980085\n|switch|p2a: Idea 3|Clefable, F|91\/100|[from]move: U-turn\n|\n|-heal|p1a: Corviknight|79\/100|[from] item: Leftovers\n|upkeep\n|turn|32\n|\n|t:|1645980096\n|move|p2a: Idea 3|Thunder|p1a: Corviknight\n|-supereffective|p1a: Corviknight\n|-damage|p1a: Corviknight|39\/100\n|move|p1a: Corviknight|U-turn|p2a: Idea 3\n|-resisted|p2a: Idea 3\n|-damage|p2a: Idea 3|85\/100\n|\n|t:|1645980100\n|switch|p1a: Nidoking|Nidoking, M|45\/100|[from]move: U-turn\n|-damage|p1a: Nidoking|39\/100|[from] Stealth Rock\n|\n|upkeep\n|turn|33\n|\n|t:|1645980105\n|switch|p2a: Idea 6|Weavile, F|9\/100\n|-damage|p2a: Idea 6|0 fnt|[from] Stealth Rock\n|faint|p2a: Idea 6\n|move|p1a: Nidoking|Sludge Wave|p2: Idea 6|[notarget]\n|-fail|p1a: Nidoking\n|\n|upkeep\n|\n|t:|1645980107\n|switch|p2a: Idea 5|Tornadus-Therian, M|52\/100\n|turn|34\n|\n|t:|1645980114\n|switch|p1a: Heatran|Heatran, F|60\/100\n|-damage|p1a: Heatran|47\/100|[from] Stealth Rock\n|move|p2a: Idea 5|U-turn|p1a: Heatran\n|-resisted|p1a: Heatran\n|-damage|p1a: Heatran|44\/100\n|\n|t:|1645980116\n|switch|p2a: Idea 3|Clefable, F|85\/100|[from]move: U-turn\n|\n|-heal|p1a: Heatran|50\/100|[from] item: Leftovers\n|upkeep\n|turn|35\n|\n|t:|1645980120\n|switch|p1a: Nidoking|Nidoking, M|39\/100\n|-damage|p1a: Nidoking|34\/100|[from] Stealth Rock\n|move|p2a: Idea 3|Calm Mind|p2a: Idea 3\n|-boost|p2a: Idea 3|spa|1\n|-boost|p2a: Idea 3|spd|1\n|\n|upkeep\n|turn|36\n|\n|t:|1645980125\n|switch|p2a: Idea 5|Tornadus-Therian, M|86\/100\n|move|p1a: Nidoking|Sludge Wave|p2a: Idea 5\n|-damage|p2a: Idea 5|13\/100\n|\n|upkeep\n|turn|37\n|\n|t:|1645980139\n|switch|p1a: Corviknight|Corviknight, M|39\/100\n|-damage|p1a: Corviknight|26\/100|[from] Stealth Rock\n|-ability|p1a: Corviknight|Pressure\n|move|p2a: Idea 5|U-turn|p1a: Corviknight\n|-resisted|p1a: Corviknight\n|-damage|p1a: Corviknight|24\/100\n|\n|t:|1645980162\n|switch|p2a: Idea 3|Clefable, F|85\/100|[from]move: U-turn\n|\n|-heal|p1a: Corviknight|30\/100|[from] item: Leftovers\n|upkeep\n|turn|38\n|\n|t:|1645980169\n|move|p2a: Idea 3|Thunder|p1a: Corviknight|[miss]\n|-miss|p2a: Idea 3|p1a: Corviknight\n|move|p1a: Corviknight|Brave Bird|p2a: Idea 3\n|-damage|p2a: Idea 3|57\/100\n|-damage|p1a: Corviknight|21\/100|[from] Recoil\n|\n|-heal|p1a: Corviknight|27\/100|[from] item: Leftovers\n|upkeep\n|turn|39\n|\n|t:|1645980175\n|move|p2a: Idea 3|Soft-Boiled|p2a: Idea 3\n|-heal|p2a: Idea 3|100\/100\n|move|p1a: Corviknight|U-turn|p2a: Idea 3\n|-resisted|p2a: Idea 3\n|-damage|p2a: Idea 3|94\/100\n|\n|t:|1645980178\n|switch|p1a: Nidoking|Nidoking, M|34\/100|[from]move: U-turn\n|-damage|p1a: Nidoking|28\/100|[from] Stealth Rock\n|\n|upkeep\n|turn|40\n|\n|t:|1645980181\n|switch|p2a: Idea 4|Rotom-Wash|66\/100 tox\n|-damage|p2a: Idea 4|53\/100 tox|[from] Stealth Rock\n|move|p1a: Nidoking|Sludge Wave|p2a: Idea 4\n|-damage|p2a: Idea 4|0 fnt\n|faint|p2a: Idea 4\n|\n|upkeep\n|\n|t:|1645980183\n|switch|p2a: Idea 5|Tornadus-Therian, M|46\/100\n|turn|41\n|\n|t:|1645980191\n|switch|p1a: Corviknight|Corviknight, M|27\/100\n|-damage|p1a: Corviknight|15\/100|[from] Stealth Rock\n|-ability|p1a: Corviknight|Pressure\n|move|p2a: Idea 5|Hurricane|p1a: Corviknight|[miss]\n|-miss|p2a: Idea 5|p1a: Corviknight\n|\n|-heal|p1a: Corviknight|21\/100|[from] item: Leftovers\n|upkeep\n|turn|42\n|\n|t:|1645980194\n|move|p2a: Idea 5|Hurricane|p1a: Corviknight|[miss]\n|-miss|p2a: Idea 5|p1a: Corviknight\n|move|p1a: Corviknight|Brave Bird|p2a: Idea 5\n|-damage|p2a: Idea 5|5\/100\n|-damage|p1a: Corviknight|9\/100|[from] Recoil\n|\n|-heal|p1a: Corviknight|15\/100|[from] item: Leftovers\n|upkeep\n|turn|43\n|\n|t:|1645980197\n|move|p2a: Idea 5|Hurricane|p1a: Corviknight\n|-resisted|p1a: Corviknight\n|-damage|p1a: Corviknight|2\/100\n|move|p1a: Corviknight|Brave Bird|p2a: Idea 5\n|-damage|p2a: Idea 5|0 fnt\n|faint|p2a: Idea 5\n|-damage|p1a: Corviknight|0 fnt|[from] Recoil\n|faint|p1a: Corviknight\n|\n|upkeep\n|\n|t:|1645980204\n|switch|p2a: Idea 3|Clefable, F|94\/100\n|switch|p1a: Nidoking|Nidoking, M|28\/100\n|-damage|p1a: Nidoking|22\/100|[from] Stealth Rock\n|turn|44\n|\n|t:|1645980205\n|move|p1a: Nidoking|Sludge Wave|p2a: Idea 3\n|-supereffective|p2a: Idea 3\n|-damage|p2a: Idea 3|0 fnt\n|faint|p2a: Idea 3\n|\n|win|legitteambuilder\n|n|\u2606legitteambuilder|legitteambuilder\n|n|\u2606Zaza BitchuLia|zazabitchulia\n|n| NoTollsNoRolls|notollsnorolls\n|n| ChaosDraco95|chaosdraco95\n|n| Mogus Mogul|mogusmogul\n|n| peal3|peal3\n|n| EyBliss|eybliss\n|n| Pinkacross|pinkacross\n|n| Swagataka|swagataka\n","uploadtime":1645980207,"views":111,"p1id":"legitteambuilder","p2id":"zazabitchulia","formatid":"gen8ou","rating":0,"private":0,"password":null}