{"id":"gen8ou-1034190704","p1":"blackrabbit0303","p2":"PokeDa","format":"gen8ou","log":"|j|\u2606blackrabbit0303\n|j|\u2606PokeDa\n|player|p1|blackrabbit0303|208|1222\n|player|p2|PokeDa|wallace|1179\n|teamsize|p1|6\n|teamsize|p2|6\n|gametype|singles\n|gen|8\n|tier|[Gen 8] OU\n|rated|\n|rule|Sleep Clause Mod: Limit one foe put to sleep\n|rule|Species Clause: Limit one of each Pok\u00e9mon\n|rule|OHKO Clause: OHKO moves are banned\n|rule|Evasion Moves Clause: Evasion moves are banned\n|rule|Endless Battle Clause: Forcing endless battles is banned\n|rule|HP Percentage Mod: HP is shown in percentages\n|clearpoke\n|poke|p1|Dragapult, F|\n|poke|p1|Darmanitan-Galar, M|\n|poke|p1|Mandibuzz, F|\n|poke|p1|Rotom-Heat|\n|poke|p1|Seismitoad, F|\n|poke|p1|Bisharp, F|\n|poke|p2|Dragapult, F|\n|poke|p2|Clefable, F|\n|poke|p2|Seismitoad, M|\n|poke|p2|Darmanitan-Galar, F|\n|poke|p2|Excadrill, M|\n|poke|p2|Conkeldurr, M|\n|rule|Dynamax Clause: You cannot dynamax\n|teampreview\n|\n|start\n|switch|p1a: Darmanitan|Darmanitan-Galar, M|100\/100\n|switch|p2a: Seismitoad|Seismitoad, M|100\/100\n|turn|1\n|\n|move|p1a: Darmanitan|Icicle Crash|p2a: Seismitoad\n|-damage|p2a: Seismitoad|47\/100\n|move|p2a: Seismitoad|Stealth Rock|p1a: Darmanitan\n|-sidestart|p1: blackrabbit0303|move: Stealth Rock\n|\n|-heal|p2a: Seismitoad|53\/100|[from] item: Leftovers\n|upkeep\n|turn|2\n|\n|move|p1a: Darmanitan|Icicle Crash|p2a: Seismitoad\n|-damage|p2a: Seismitoad|6\/100\n|move|p2a: Seismitoad|Focus Blast|p1a: Darmanitan\n|-supereffective|p1a: Darmanitan\n|-damage|p1a: Darmanitan|24\/100\n|\n|-heal|p2a: Seismitoad|12\/100|[from] item: Leftovers\n|upkeep\n|turn|3\n|\n|move|p1a: Darmanitan|Icicle Crash|p2a: Seismitoad|[miss]\n|-miss|p1a: Darmanitan|p2a: Seismitoad\n|move|p2a: Seismitoad|Scald|p1a: Darmanitan\n|-damage|p1a: Darmanitan|0 fnt\n|faint|p1a: Darmanitan\n|\n|-heal|p2a: Seismitoad|18\/100|[from] item: Leftovers\n|upkeep\n|inactive|Battle timer is ON: inactive players will automatically lose when time's up. (requested by PokeDa)\n|-message|blackrabbit0303 forfeited.\n|\n|win|PokeDa\n|l|\u2606blackrabbit0303\n|raw|blackrabbit0303's rating: 1222 &rarr; <strong>1194<\/strong><br \/>(-28 for losing)\n|raw|PokeDa's rating: 1179 &rarr; <strong>1207<\/strong><br \/>(+28 for winning)\n","uploadtime":1577077366,"views":24,"p1id":"blackrabbit0303","p2id":"pokeda","formatid":"gen8ou","rating":1194,"private":0,"password":null}