{"id":"gen8ou-1639012871","p1":"Redemption","p2":"LT93OQ im garbage","format":"gen8ou","log":"|raw|<div class=\"broadcast-blue\"><strong>This battle is required to be public due to a player having a name starting with 'lt93oq'.<\/div>\n|j|\u2606Redemption\n|j|\u2606LT93OQ im garbage\n|t:|1660422755\n|gametype|singles\n|player|p1|Redemption|#redemption|1696\n|player|p2|LT93OQ im garbage|265|1896\n|teamsize|p1|6\n|teamsize|p2|6\n|gen|8\n|tier|[Gen 8] OU\n|rated|\n|rule|Sleep Clause Mod: Limit one foe put to sleep\n|rule|Species Clause: Limit one of each Pok\u00e9mon\n|rule|OHKO Clause: OHKO moves are banned\n|rule|Evasion Items Clause: Evasion items are banned\n|rule|Evasion Moves Clause: Evasion moves are banned\n|rule|Endless Battle Clause: Forcing endless battles is banned\n|rule|HP Percentage Mod: HP is shown in percentages\n|rule|Dynamax Clause: You cannot dynamax\n|clearpoke\n|poke|p1|Blastoise, M|\n|poke|p1|Magnezone|\n|poke|p1|Tapu Koko|\n|poke|p1|Gastrodon-East, M|\n|poke|p1|Xatu, F|\n|poke|p1|Scizor, F|\n|poke|p2|Tyranitar, F|\n|poke|p2|Buzzwole|\n|poke|p2|Quagsire, F|\n|poke|p2|Corviknight, F|\n|poke|p2|Clefable, F|\n|poke|p2|Toxapex, F|\n|teampreview\n|inactive|Battle timer is ON: inactive players will automatically lose when time's up. (requested by LT93OQ im garbage)\n|inactive|Redemption has 120 seconds left.\n|\n|t:|1660422793\n|start\n|switch|p1a: De Vinci|Gastrodon-East, M|100\/100\n|switch|p2a: Clefable|Clefable, F|100\/100\n|turn|1\n|\n|t:|1660422801\n|move|p2a: Clefable|Knock Off|p1a: De Vinci\n|-damage|p1a: De Vinci|85\/100\n|-activate|p1a: De Vinci|ability: Sticky Hold\n|-enditem|p1a: De Vinci|Eject Button\n|j| Drunkensailer\n|j| just nimmemja\n|c|\u2606LT93OQ im garbage|is that how it works\n|j| FactoryGoat\n|inactive|Redemption has 120 seconds left.\n|j| santiago bernabeu\n|j|@ironwater\n|j| Escobarraskewda\n|\n|t:|1660422845\n|switch|p1a: Magnetoi !|Magnezone|100\/100\n|\n|upkeep\n|turn|2\n|j| Smash Time steez\n|inactive|LT93OQ im garbage has 120 seconds left.\n|inactive|Redemption has 90 seconds left.\n|\n|t:|1660422901\n|switch|p2a: Tyranitar|Tyranitar, F|100\/100\n|-weather|Sandstorm|[from] ability: Sand Stream|[of] p2a: Tyranitar\n|move|p1a: Magnetoi !|Toxic|p2a: Tyranitar\n|-status|p2a: Tyranitar|tox\n|\n|-weather|Sandstorm|[upkeep]\n|-damage|p2a: Tyranitar|94\/100 tox|[from] psn\n|upkeep\n|turn|3\n|inactive|LT93OQ im garbage has 120 seconds left.\n|\n|t:|1660422918\n|switch|p2a: Toxapex|Toxapex, F|100\/100\n|move|p1a: Magnetoi !|Body Press|p2a: Toxapex\n|-resisted|p2a: Toxapex\n|-damage|p2a: Toxapex|91\/100\n|\n|-weather|Sandstorm|[upkeep]\n|-damage|p2a: Toxapex|85\/100|[from] Sandstorm\n|upkeep\n|turn|4\n|\n|t:|1660422921\n|move|p1a: Magnetoi !|Thunderbolt|p2a: Toxapex\n|-supereffective|p2a: Toxapex\n|-damage|p2a: Toxapex|34\/100\n|-status|p2a: Toxapex|par\n|move|p2a: Toxapex|Knock Off|p1a: Magnetoi !\n|-damage|p1a: Magnetoi !|88\/100\n|-enditem|p1a: Magnetoi !|Leftovers|[from] move: Knock Off|[of] p2a: Toxapex\n|\n|-weather|Sandstorm|[upkeep]\n|-damage|p2a: Toxapex|27\/100 par|[from] Sandstorm\n|upkeep\n|turn|5\n|inactive|Redemption has 90 seconds left.\n|\n|t:|1660422936\n|switch|p2a: Quagsire|Quagsire, F|100\/100\n|move|p1a: Magnetoi !|Thunderbolt|p2a: Quagsire\n|-immune|p2a: Quagsire\n|\n|-weather|Sandstorm|[upkeep]\n|upkeep\n|turn|6\n|\n|t:|1660422955\n|move|p1a: Magnetoi !|Toxic|p2a: Quagsire\n|-status|p2a: Quagsire|tox\n|move|p2a: Quagsire|Earthquake|p1a: Magnetoi !\n|-supereffective|p1a: Magnetoi !\n|-damage|p1a: Magnetoi !|0 fnt\n|faint|p1a: Magnetoi !\n|\n|-weather|none\n|-damage|p2a: Quagsire|94\/100 tox|[from] psn\n|upkeep\n|\n|t:|1660422963\n|switch|p1a: Koko l'asticot|Tapu Koko|100\/100\n|-fieldstart|move: Electric Terrain|[from] ability: Electric Surge|[of] p1a: Koko l'asticot\n|turn|7\n|\n|t:|1660422966\n|switch|p2a: Clefable|Clefable, F|100\/100\n|move|p1a: Koko l'asticot|U-turn|p2a: Clefable\n|-resisted|p2a: Clefable\n|-damage|p2a: Clefable|94\/100\n|\n|t:|1660422972\n|switch|p1a: Tank Schrader|Blastoise, M|100\/100|[from]move: U-turn\n|\n|upkeep\n|turn|8\n|\n|t:|1660422977\n|move|p1a: Tank Schrader|Shell Smash|p1a: Tank Schrader\n|-unboost|p1a: Tank Schrader|def|1\n|-unboost|p1a: Tank Schrader|spd|1\n|-boost|p1a: Tank Schrader|atk|2\n|-boost|p1a: Tank Schrader|spa|2\n|-boost|p1a: Tank Schrader|spe|2\n|-enditem|p1a: Tank Schrader|White Herb\n|-clearnegativeboost|p1a: Tank Schrader|[silent]\n|move|p2a: Clefable|Heal Bell|p2a: Clefable\n|-activate|p2a: Clefable|move: Heal Bell\n|-curestatus|p2: Toxapex|par|[msg]\n|-curestatus|p2: Quagsire|tox|[msg]\n|-curestatus|p2: Tyranitar|tox|[msg]\n|\n|upkeep\n|turn|9\n|inactive|Redemption has 120 seconds left.\n|\n|t:|1660422988\n|move|p1a: Tank Schrader|Surf|p2a: Clefable\n|-damage|p2a: Clefable|26\/100\n|move|p2a: Clefable|Moonblast|p1a: Tank Schrader\n|-damage|p1a: Tank Schrader|65\/100\n|\n|upkeep\n|turn|10\n|\n|t:|1660422995\n|switch|p2a: Toxapex|Toxapex, F|61\/100\n|move|p1a: Tank Schrader|Surf|p2a: Toxapex\n|-resisted|p2a: Toxapex\n|-damage|p2a: Toxapex|36\/100\n|\n|upkeep\n|turn|11\n|\n|t:|1660423001\n|switch|p2a: Clefable|Clefable, F|26\/100\n|move|p1a: Tank Schrader|Terrain Pulse|p2a: Clefable\n|-damage|p2a: Clefable|0 fnt\n|faint|p2a: Clefable\n|\n|upkeep\n|j| blooclipse\n|\n|t:|1660423021\n|switch|p2a: Quagsire|Quagsire, F|94\/100\n|turn|12\n|\n|t:|1660423025\n|move|p1a: Tank Schrader|Surf|p2a: Quagsire\n|-damage|p2a: Quagsire|55\/100\n|move|p2a: Quagsire|Recover|p2a: Quagsire\n|-heal|p2a: Quagsire|100\/100\n|\n|upkeep\n|turn|13\n|\n|t:|1660423033\n|move|p1a: Tank Schrader|Ice Beam|p2a: Quagsire\n|-damage|p2a: Quagsire|73\/100\n|move|p2a: Quagsire|Earthquake|p1a: Tank Schrader\n|-damage|p1a: Tank Schrader|28\/100\n|\n|-heal|p2a: Quagsire|79\/100|[from] item: Leftovers\n|upkeep\n|turn|14\n|\n|t:|1660423053\n|move|p1a: Tank Schrader|Surf|p2a: Quagsire\n|-damage|p2a: Quagsire|12\/100\n|move|p2a: Quagsire|Recover|p2a: Quagsire\n|-heal|p2a: Quagsire|62\/100\n|\n|-heal|p2a: Quagsire|68\/100|[from] item: Leftovers\n|-fieldend|move: Electric Terrain\n|upkeep\n|turn|15\n|\n|t:|1660423068\n|switch|p2a: Buzzwole|Buzzwole|100\/100\n|move|p1a: Tank Schrader|Surf|p2a: Buzzwole\n|-damage|p2a: Buzzwole|0 fnt\n|faint|p2a: Buzzwole\n|\n|upkeep\n|\n|t:|1660423069\n|switch|p2a: Corviknight|Corviknight, F|100\/100\n|-ability|p2a: Corviknight|Pressure\n|turn|16\n|\n|t:|1660423076\n|move|p1a: Tank Schrader|Surf|p2a: Corviknight\n|-damage|p2a: Corviknight|15\/100\n|move|p2a: Corviknight|Brave Bird|p1a: Tank Schrader\n|-damage|p1a: Tank Schrader|0 fnt\n|faint|p1a: Tank Schrader\n|-damage|p2a: Corviknight|8\/100|[from] Recoil\n|\n|upkeep\n|inactive|Redemption has 120 seconds left.\n|\n|t:|1660423127\n|switch|p1a: Koko l'asticot|Tapu Koko|100\/100\n|-fieldstart|move: Electric Terrain|[from] ability: Electric Surge|[of] p1a: Koko l'asticot\n|turn|17\n|\n|t:|1660423137\n|move|p2a: Corviknight|Protect|p2a: Corviknight\n|-singleturn|p2a: Corviknight|Protect\n|move|p1a: Koko l'asticot|Thunderbolt|p2a: Corviknight\n|-activate|p2a: Corviknight|move: Protect\n|\n|upkeep\n|turn|18\n|\n|t:|1660423150\n|move|p1a: Koko l'asticot|Dazzling Gleam|p2a: Corviknight\n|-resisted|p2a: Corviknight\n|-damage|p2a: Corviknight|0 fnt\n|faint|p2a: Corviknight\n|\n|upkeep\n|\n|t:|1660423155\n|switch|p2a: Quagsire|Quagsire, F|68\/100\n|turn|19\n|\n|t:|1660423172\n|move|p1a: Koko l'asticot|Dazzling Gleam|p2a: Quagsire\n|-damage|p2a: Quagsire|31\/100\n|move|p2a: Quagsire|Recover|p2a: Quagsire\n|-heal|p2a: Quagsire|81\/100\n|\n|-heal|p2a: Quagsire|87\/100|[from] item: Leftovers\n|upkeep\n|turn|20\n|inactive|LT93OQ im garbage has 120 seconds left.\n|l| Escobarraskewda\n|inactive|LT93OQ im garbage has 90 seconds left.\n|\n|t:|1660423233\n|move|p1a: Koko l'asticot|U-turn|p2a: Quagsire\n|-damage|p2a: Quagsire|74\/100\n|\n|t:|1660423235\n|switch|p1a: XaTUE|Xatu, F|100\/100|[from]move: U-turn\n|move|p2a: Quagsire|Scald|p1a: XaTUE\n|-damage|p1a: XaTUE|74\/100\n|-status|p1a: XaTUE|brn\n|\n|-heal|p2a: Quagsire|81\/100|[from] item: Leftovers\n|-damage|p1a: XaTUE|68\/100 brn|[from] brn\n|upkeep\n|turn|21\n|inactive|LT93OQ im garbage has 90 seconds left.\n|inactive|Redemption has 90 seconds left.\n|j| shafofficiel\n|inactive|Redemption has 60 seconds left.\n|\n|t:|1660423297\n|switch|p2a: Toxapex|Toxapex, F|70\/100\n|move|p1a: XaTUE|Teleport|p1a: XaTUE\n|inactive|Redemption has 60 seconds left.\n|\n|t:|1660423302\n|switch|p1a: Koko l'asticot|Tapu Koko|100\/100|[from]move: Teleport\n|\n|upkeep\n|turn|22\n|\n|t:|1660423310\n|switch|p2a: Quagsire|Quagsire, F|81\/100\n|move|p1a: Koko l'asticot|Thunderbolt|p2a: Quagsire\n|-immune|p2a: Quagsire\n|\n|-heal|p2a: Quagsire|87\/100|[from] item: Leftovers\n|upkeep\n|turn|23\n|\n|t:|1660423315\n|switch|p2a: Toxapex|Toxapex, F|100\/100\n|move|p1a: Koko l'asticot|U-turn|p2a: Toxapex\n|-resisted|p2a: Toxapex\n|-damage|p2a: Toxapex|95\/100\n|\n|t:|1660423321\n|switch|p1a: XaTUE|Xatu, F|68\/100 brn|[from]move: U-turn\n|\n|-damage|p1a: XaTUE|62\/100 brn|[from] brn\n|upkeep\n|turn|24\n|inactive|LT93OQ im garbage has 90 seconds left.\n|inactive|LT93OQ im garbage has 60 seconds left.\n|\n|t:|1660423365\n|switch|p2a: Tyranitar|Tyranitar, F|94\/100\n|-weather|Sandstorm|[from] ability: Sand Stream|[of] p2a: Tyranitar\n|move|p1a: XaTUE|Roost|p1a: XaTUE\n|-heal|p1a: XaTUE|100\/100 brn\n|-singleturn|p1a: XaTUE|move: Roost\n|\n|-weather|Sandstorm|[upkeep]\n|-damage|p1a: XaTUE|95\/100 brn|[from] Sandstorm\n|-damage|p1a: XaTUE|89\/100 brn|[from] brn\n|-fieldend|move: Electric Terrain\n|upkeep\n|turn|25\n|\n|t:|1660423375\n|switch|p1a: Cizationnel|Scizor, F|100\/100\n|move|p2a: Tyranitar|Stealth Rock|p1a: Cizationnel\n|-sidestart|p1: Redemption|move: Stealth Rock\n|\n|-weather|Sandstorm|[upkeep]\n|upkeep\n|turn|26\n|j| AppellemoiJames\n|inactive|Redemption has 90 seconds left.\n|\n|t:|1660423384\n|switch|p2a: Toxapex|Toxapex, F|100\/100\n|move|p1a: Cizationnel|U-turn|p2a: Toxapex\n|-resisted|p2a: Toxapex\n|-damage|p2a: Toxapex|90\/100\n|\n|t:|1660423387\n|switch|p1a: XaTUE|Xatu, F|89\/100 brn|[from]move: U-turn\n|-damage|p1a: XaTUE|64\/100 brn|[from] Stealth Rock\n|\n|-weather|Sandstorm|[upkeep]\n|-damage|p1a: XaTUE|58\/100 brn|[from] Sandstorm\n|-damage|p2a: Toxapex|83\/100|[from] Sandstorm\n|-damage|p1a: XaTUE|52\/100 brn|[from] brn\n|upkeep\n|turn|27\n|inactive|LT93OQ im garbage has 90 seconds left.\n|j| Fared\n|\n|t:|1660423401\n|move|p1a: XaTUE|Roost|p1a: XaTUE\n|-heal|p1a: XaTUE|100\/100 brn\n|-singleturn|p1a: XaTUE|move: Roost\n|move|p2a: Toxapex|Knock Off|p1a: XaTUE\n|-supereffective|p1a: XaTUE\n|-enditem|p1a: XaTUE|Colbur Berry|[eat]\n|-enditem|p1a: XaTUE|Colbur Berry|[weaken]\n|-damage|p1a: XaTUE|85\/100 brn\n|\n|-weather|Sandstorm|[upkeep]\n|-damage|p1a: XaTUE|79\/100 brn|[from] Sandstorm\n|-damage|p2a: Toxapex|77\/100|[from] Sandstorm\n|-damage|p1a: XaTUE|73\/100 brn|[from] brn\n|upkeep\n|turn|28\n|j| jaytop31\n|\n|t:|1660423406\n|move|p1a: XaTUE|Defog|p2a: Toxapex\n|-unboost|p2a: Toxapex|evasion|1\n|-sideend|p1: Redemption|Stealth Rock|[from] move: Defog|[of] p1a: XaTUE\n|move|p2a: Toxapex|Knock Off|p1a: XaTUE\n|-supereffective|p1a: XaTUE\n|-damage|p1a: XaTUE|53\/100 brn\n|\n|-weather|none\n|-damage|p1a: XaTUE|47\/100 brn|[from] brn\n|upkeep\n|turn|29\n|\n|t:|1660423410\n|switch|p2a: Tyranitar|Tyranitar, F|94\/100\n|-weather|Sandstorm|[from] ability: Sand Stream|[of] p2a: Tyranitar\n|move|p1a: XaTUE|Roost|p1a: XaTUE\n|-heal|p1a: XaTUE|97\/100 brn\n|-singleturn|p1a: XaTUE|move: Roost\n|\n|-weather|Sandstorm|[upkeep]\n|-damage|p1a: XaTUE|91\/100 brn|[from] Sandstorm\n|-damage|p1a: XaTUE|85\/100 brn|[from] brn\n|upkeep\n|turn|30\n|inactive|Redemption has 120 seconds left.\n|l| jaytop31\n|inactive|LT93OQ im garbage has 90 seconds left.\n|\n|t:|1660423448\n|switch|p1a: Cizationnel|Scizor, F|100\/100\n|move|p2a: Tyranitar|Rock Blast|p1a: Cizationnel\n|-damage|p1a: Cizationnel|93\/100\n|-damage|p1a: Cizationnel|84\/100\n|-damage|p1a: Cizationnel|76\/100\n|-hitcount|p1a: Cizationnel|3\n|\n|-weather|Sandstorm|[upkeep]\n|-heal|p1a: Cizationnel|82\/100|[from] item: Leftovers\n|upkeep\n|turn|31\n|\n|t:|1660423452\n|switch|p2a: Toxapex|Toxapex, F|100\/100\n|move|p1a: Cizationnel|U-turn|p2a: Toxapex\n|-resisted|p2a: Toxapex\n|-damage|p2a: Toxapex|89\/100\n|\n|t:|1660423455\n|switch|p1a: Koko l'asticot|Tapu Koko|100\/100|[from]move: U-turn\n|-fieldstart|move: Electric Terrain|[from] ability: Electric Surge|[of] p1a: Koko l'asticot\n|\n|-weather|Sandstorm|[upkeep]\n|-damage|p1a: Koko l'asticot|94\/100|[from] Sandstorm\n|-damage|p2a: Toxapex|83\/100|[from] Sandstorm\n|upkeep\n|turn|32\n|inactive|LT93OQ im garbage has 90 seconds left.\n|inactive|Redemption has 120 seconds left.\n|inactive|LT93OQ im garbage has 60 seconds left.\n|j| SailingFaster974\n|\n|t:|1660423518\n|switch|p2a: Quagsire|Quagsire, F|87\/100\n|move|p1a: Koko l'asticot|U-turn|p2a: Quagsire\n|-damage|p2a: Quagsire|74\/100\n|\n|t:|1660423523\n|switch|p1a: De Vinci|Gastrodon-East, M|85\/100|[from]move: U-turn\n|\n|-weather|Sandstorm|[upkeep]\n|-heal|p2a: Quagsire|80\/100|[from] item: Leftovers\n|upkeep\n|turn|33\n|l| SailingFaster974\n|inactive|Redemption has 120 seconds left.\n|inactive|LT93OQ im garbage has 30 seconds left.\n|l| blooclipse\n|\n|t:|1660423558\n|switch|p2a: Toxapex|Toxapex, F|100\/100\n|move|p1a: De Vinci|Scald|p2a: Toxapex\n|-resisted|p2a: Toxapex\n|-damage|p2a: Toxapex|92\/100\n|-status|p2a: Toxapex|brn\n|\n|-weather|none\n|-damage|p2a: Toxapex|85\/100 brn|[from] brn\n|upkeep\n|turn|34\n|inactive|Redemption has 90 seconds left.\n|\n|t:|1660423606\n|switch|p2a: Tyranitar|Tyranitar, F|94\/100\n|-weather|Sandstorm|[from] ability: Sand Stream|[of] p2a: Tyranitar\n|switch|p1a: XaTUE|Xatu, F|85\/100 brn\n|\n|-weather|Sandstorm|[upkeep]\n|-damage|p1a: XaTUE|79\/100 brn|[from] Sandstorm\n|-damage|p1a: XaTUE|73\/100 brn|[from] brn\n|upkeep\n|turn|35\n|\n|t:|1660423619\n|move|p2a: Tyranitar|Rock Blast|p1a: XaTUE\n|-supereffective|p1a: XaTUE\n|-damage|p1a: XaTUE|53\/100 brn\n|-supereffective|p1a: XaTUE\n|-damage|p1a: XaTUE|32\/100 brn\n|-supereffective|p1a: XaTUE\n|-damage|p1a: XaTUE|10\/100 brn\n|-hitcount|p1a: XaTUE|3\n|move|p1a: XaTUE|Teleport|p1a: XaTUE\n|inactive|Redemption has 60 seconds left.\n|\n|t:|1660423650\n|switch|p1a: De Vinci|Gastrodon-East, M|85\/100|[from]move: Teleport\n|\n|-weather|Sandstorm|[upkeep]\n|upkeep\n|turn|36\n|inactive|Redemption has 30 seconds left.\n|inactive|Redemption has 20 seconds left.\n|inactive|Redemption has 15 seconds left.\n|inactive|Redemption has 10 seconds left.\n|inactive|Redemption has 5 seconds left.\n|-message|Redemption lost due to inactivity.\n|\n|win|LT93OQ im garbage\n|raw|Redemption's rating: 1696 &rarr; <strong>1686<\/strong><br \/>(-10 for losing)\n|raw|LT93OQ im garbage's rating: 1896 &rarr; <strong>1906<\/strong><br \/>(+10 for winning)\n|j| gr0ny\n|l| Drunkensailer\n|l|\u2606LT93OQ im garbage\n|l| Fared\n|j| Fared\n|l| Fared\n||Ladder isn't responding, score probably updated but might not have (Request timeout).\n|l| gr0ny\n|j| Fared\n|j| jaytop31\n|l| jaytop31\n|l| Fared\n|l|\u2606Redemption\n","uploadtime":1660423770,"views":66,"p1id":"redemption","p2id":"lt93oqimgarbage","formatid":"gen8ou","rating":1686,"private":0,"password":null}