{"id":"gen8pu-1594852651","p1":"Peachy07","p2":"xskelly34","format":"gen8pu","log":"|j|\u2606Peachy07\n|j|\u2606xskelly34\n|t:|1655059794\n|gametype|singles\n|player|p1|Peachy07|lisia|\n|player|p2|xskelly34|bugsy|\n|teamsize|p1|6\n|teamsize|p2|6\n|gen|8\n|tier|[Gen 8] PU\n|rule|Sleep Clause Mod: Limit one foe put to sleep\n|rule|Species Clause: Limit one of each Pok\u00e9mon\n|rule|OHKO Clause: OHKO moves are banned\n|rule|Evasion Moves Clause: Evasion moves are banned\n|rule|Endless Battle Clause: Forcing endless battles is banned\n|rule|HP Percentage Mod: HP is shown in percentages\n|rule|Dynamax Clause: You cannot dynamax\n|clearpoke\n|poke|p1|Sneasel, F|\n|poke|p1|Charizard, F|\n|poke|p1|Eldegoss, F|\n|poke|p1|Togedemaru, M|\n|poke|p1|Regirock|\n|poke|p1|Garbodor, M|\n|poke|p2|Trevenant, M|\n|poke|p2|Articuno-Galar|\n|poke|p2|Coalossal, M|\n|poke|p2|Ferroseed, F|\n|poke|p2|Lanturn, F|\n|poke|p2|Aromatisse, F|\n|teampreview\n|c|\u2606Peachy07|gl hf\n|c|\u2606xskelly34|hf\n|\n|t:|1655059815\n|start\n|switch|p1a: Garbodor|Garbodor, M|100\/100\n|switch|p2a: Lanturn|Lanturn, F|100\/100\n|turn|1\n|\n|t:|1655059821\n|move|p2a: Lanturn|Volt Switch|p1a: Garbodor\n|-damage|p1a: Garbodor|69\/100\n|\n|t:|1655059823\n|switch|p2a: Ferroseed|Ferroseed, F|100\/100|[from]move: Volt Switch\n|move|p1a: Garbodor|Spikes|p2a: Ferroseed\n|-sidestart|p2: xskelly34|Spikes\n|\n|upkeep\n|turn|2\n|\n|t:|1655059827\n|move|p1a: Garbodor|Body Press|p2a: Ferroseed\n|-supereffective|p2a: Ferroseed\n|-damage|p2a: Ferroseed|74\/100\n|-damage|p1a: Garbodor|56\/100|[from] ability: Iron Barbs|[of] p2a: Ferroseed\n|move|p2a: Ferroseed|Stealth Rock|p1a: Garbodor\n|-sidestart|p1: Peachy07|move: Stealth Rock\n|\n|upkeep\n|turn|3\n|\n|t:|1655059833\n|move|p1a: Garbodor|Spikes|p2a: Ferroseed\n|-sidestart|p2: xskelly34|Spikes\n|move|p2a: Ferroseed|Leech Seed|p1a: Garbodor\n|-start|p1a: Garbodor|move: Leech Seed\n|\n|-damage|p1a: Garbodor|44\/100|[from] Leech Seed|[of] p2a: Ferroseed\n|-heal|p2a: Ferroseed|88\/100|[silent]\n|upkeep\n|turn|4\n|\n|t:|1655059835\n|move|p1a: Garbodor|Spikes|p2a: Ferroseed\n|-sidestart|p2: xskelly34|Spikes\n|move|p2a: Ferroseed|Knock Off|p1a: Garbodor\n|-crit|p1a: Garbodor\n|-damage|p1a: Garbodor|27\/100\n|-damage|p2a: Ferroseed|71\/100|[from] item: Rocky Helmet|[of] p1a: Garbodor\n|-enditem|p1a: Garbodor|Rocky Helmet|[from] move: Knock Off|[of] p2a: Ferroseed\n|\n|-damage|p1a: Garbodor|15\/100|[from] Leech Seed|[of] p2a: Ferroseed\n|-heal|p2a: Ferroseed|85\/100|[silent]\n|upkeep\n|turn|5\n|\n|t:|1655059842\n|move|p1a: Garbodor|Body Press|p2a: Ferroseed\n|-supereffective|p2a: Ferroseed\n|-damage|p2a: Ferroseed|57\/100\n|-damage|p1a: Garbodor|2\/100|[from] ability: Iron Barbs|[of] p2a: Ferroseed\n|move|p2a: Ferroseed|Knock Off|p1a: Garbodor\n|-damage|p1a: Garbodor|0 fnt\n|faint|p1a: Garbodor\n|\n|upkeep\n|\n|t:|1655059866\n|switch|p1a: Charizard|Charizard, F|100\/100\n|turn|6\n|\n|t:|1655059870\n|switch|p2a: Coalossal|Coalossal, M|100\/100\n|move|p1a: Charizard|Toxic|p2a: Coalossal\n|-status|p2a: Coalossal|tox\n|\n|-damage|p2a: Coalossal|94\/100 tox|[from] psn\n|upkeep\n|turn|7\n|\n|t:|1655059875\n|switch|p1a: PeepoArrive|Regirock|100\/100\n|-damage|p1a: PeepoArrive|88\/100|[from] Stealth Rock\n|move|p2a: Coalossal|Rapid Spin|p1a: PeepoArrive\n|-resisted|p1a: PeepoArrive\n|-damage|p1a: PeepoArrive|86\/100\n|-boost|p2a: Coalossal|spe|1\n|-sideend|p2: xskelly34|Spikes|[from] move: Rapid Spin|[of] p2a: Coalossal\n|\n|-heal|p1a: PeepoArrive|92\/100|[from] item: Leftovers\n|-damage|p2a: Coalossal|82\/100 tox|[from] psn\n|upkeep\n|turn|8\n|\n|t:|1655059887\n|move|p1a: PeepoArrive|Rock Blast|p2a: Coalossal\n|-supereffective|p2a: Coalossal\n|-damage|p2a: Coalossal|70\/100 tox\n|-supereffective|p2a: Coalossal\n|-damage|p2a: Coalossal|59\/100 tox\n|-supereffective|p2a: Coalossal\n|-damage|p2a: Coalossal|47\/100 tox\n|-supereffective|p2a: Coalossal\n|-damage|p2a: Coalossal|36\/100 tox\n|-hitcount|p2a: Coalossal|4\n|move|p2a: Coalossal|Spikes|p1a: PeepoArrive\n|-sidestart|p1: Peachy07|Spikes\n|\n|-heal|p1a: PeepoArrive|98\/100|[from] item: Leftovers\n|-damage|p2a: Coalossal|17\/100 tox|[from] psn\n|upkeep\n|turn|9\n|\n|t:|1655059898\n|switch|p2a: Aromatisse|Aromatisse, F|100\/100\n|move|p1a: PeepoArrive|Body Press|p2a: Aromatisse\n|-resisted|p2a: Aromatisse\n|-damage|p2a: Aromatisse|89\/100\n|\n|-heal|p1a: PeepoArrive|100\/100|[from] item: Leftovers\n|-heal|p2a: Aromatisse|95\/100|[from] item: Leftovers\n|upkeep\n|turn|10\n|\n|t:|1655059903\n|move|p1a: PeepoArrive|Stealth Rock|p2a: Aromatisse\n|-sidestart|p2: xskelly34|move: Stealth Rock\n|move|p2a: Aromatisse|Aromatherapy|p2a: Aromatisse\n|-activate|p2a: Aromatisse|move: Aromatherapy\n|-curestatus|p2: Coalossal|tox|[msg]\n|\n|-heal|p2a: Aromatisse|100\/100|[from] item: Leftovers\n|upkeep\n|turn|11\n|\n|t:|1655059912\n|switch|p1a: Togedemaru|Togedemaru, M|100\/100\n|move|p2a: Aromatisse|Wish|p2a: Aromatisse\n|\n|upkeep\n|turn|12\n|\n|t:|1655059940\n|switch|p2a: Ferroseed|Ferroseed, F|57\/100\n|-damage|p2a: Ferroseed|50\/100|[from] Stealth Rock\n|move|p1a: Togedemaru|U-turn|p2a: Ferroseed\n|-damage|p2a: Ferroseed|41\/100\n|-damage|p1a: Togedemaru|88\/100|[from] ability: Iron Barbs|[of] p2a: Ferroseed\n|\n|t:|1655059958\n|switch|p1a: Charizard|Charizard, F|100\/100|[from]move: U-turn\n|\n|-heal|p2a: Ferroseed|100\/100|[from] move: Wish|[wisher] Aromatisse\n|upkeep\n|turn|13\n|j| D\u2192luxe\n|\n|t:|1655059965\n|switch|p2a: Coalossal|Coalossal, M|17\/100\n|move|p1a: Charizard|Flamethrower|p2a: Coalossal\n|-resisted|p2a: Coalossal\n|-damage|p2a: Coalossal|10\/100\n|\n|upkeep\n|turn|14\n|\n|t:|1655059977\n|move|p1a: Charizard|Hurricane|p2a: Coalossal\n|-resisted|p2a: Coalossal\n|-damage|p2a: Coalossal|0 fnt\n|faint|p2a: Coalossal\n|\n|upkeep\n|\n|t:|1655059979\n|switch|p2a: Lanturn|Lanturn, F|100\/100\n|-damage|p2a: Lanturn|88\/100|[from] Stealth Rock\n|turn|15\n|\n|t:|1655059989\n|switch|p1a: Eldegoss|Eldegoss, F|100\/100\n|move|p2a: Lanturn|Volt Switch|p1a: Eldegoss\n|-resisted|p1a: Eldegoss\n|-damage|p1a: Eldegoss|89\/100\n|\n|t:|1655059991\n|switch|p2a: Articuno|Articuno-Galar|100\/100|[from]move: Volt Switch\n|\n|upkeep\n|turn|16\n|\n|t:|1655059993\n|move|p2a: Articuno|Future Sight|p1a: Eldegoss\n|-start|p2a: Articuno|move: Future Sight\n|move|p1a: Eldegoss|Rapid Spin|p2a: Articuno\n|-damage|p2a: Articuno|93\/100\n|-boost|p1a: Eldegoss|spe|1\n|-sideend|p1: Peachy07|Spikes|[from] move: Rapid Spin|[of] p1a: Eldegoss\n|-sideend|p1: Peachy07|Stealth Rock|[from] move: Rapid Spin|[of] p1a: Eldegoss\n|\n|upkeep\n|turn|17\n|\n|t:|1655060034\n|switch|p1a: PeepoArrive|Regirock|100\/100\n|move|p2a: Articuno|U-turn|p1a: PeepoArrive\n|-damage|p1a: PeepoArrive|94\/100\n|\n|t:|1655060047\n|switch|p2a: Trevenant|Trevenant, M|100\/100|[from]move: U-turn\n|-damage|p2a: Trevenant|88\/100|[from] Stealth Rock\n|\n|-heal|p1a: PeepoArrive|99\/100|[from] item: Leftovers\n|upkeep\n|turn|18\n|\n|t:|1655060071\n|move|p2a: Trevenant|Poltergeist|p1a: PeepoArrive\n|-activate|p1a: PeepoArrive|move: Poltergeist|Leftovers\n|-damage|p1a: PeepoArrive|60\/100\n|move|p1a: PeepoArrive|Rock Blast|p2a: Trevenant\n|-damage|p2a: Trevenant|78\/100\n|-damage|p2a: Trevenant|67\/100\n|-damage|p2a: Trevenant|57\/100\n|-hitcount|p2a: Trevenant|3\n|\n|-end|p1a: PeepoArrive|move: Future Sight\n|-damage|p1a: PeepoArrive|15\/100\n|-heal|p1a: PeepoArrive|21\/100|[from] item: Leftovers\n|upkeep\n|turn|19\n|\n|t:|1655060083\n|move|p2a: Trevenant|Poltergeist|p1a: PeepoArrive\n|-activate|p1a: PeepoArrive|move: Poltergeist|Leftovers\n|-damage|p1a: PeepoArrive|0 fnt\n|faint|p1a: PeepoArrive\n|\n|upkeep\n|\n|t:|1655060089\n|switch|p1a: Charizard|Charizard, F|100\/100\n|turn|20\n|\n|t:|1655060095\n|switch|p2a: Lanturn|Lanturn, F|88\/100\n|-damage|p2a: Lanturn|76\/100|[from] Stealth Rock\n|move|p1a: Charizard|Toxic|p2a: Lanturn\n|-status|p2a: Lanturn|tox\n|\n|-damage|p2a: Lanturn|70\/100 tox|[from] psn\n|upkeep\n|turn|21\n|\n|t:|1655060123\n|switch|p1a: Eldegoss|Eldegoss, F|100\/100\n|move|p2a: Lanturn|Volt Switch|p1a: Eldegoss\n|-resisted|p1a: Eldegoss\n|-damage|p1a: Eldegoss|88\/100\n|\n|t:|1655060127\n|switch|p2a: Trevenant|Trevenant, M|57\/100|[from]move: Volt Switch\n|-damage|p2a: Trevenant|45\/100|[from] Stealth Rock\n|\n|upkeep\n|turn|22\n|\n|t:|1655060138\n|move|p2a: Trevenant|Poltergeist|p1a: Eldegoss\n|-activate|p1a: Eldegoss|move: Poltergeist|Heavy-Duty Boots\n|-damage|p1a: Eldegoss|0 fnt\n|faint|p1a: Eldegoss\n|\n|upkeep\n|\n|t:|1655060149\n|switch|p1a: Charizard|Charizard, F|100\/100\n|turn|23\n|\n|t:|1655060155\n|switch|p2a: Aromatisse|Aromatisse, F|100\/100\n|-damage|p2a: Aromatisse|88\/100|[from] Stealth Rock\n|move|p1a: Charizard|Hurricane|p2a: Aromatisse\n|-damage|p2a: Aromatisse|42\/100\n|\n|-heal|p2a: Aromatisse|48\/100|[from] item: Leftovers\n|upkeep\n|turn|24\n|\n|t:|1655060168\n|move|p1a: Charizard|Hurricane|p2a: Aromatisse\n|-damage|p2a: Aromatisse|1\/100\n|-start|p2a: Aromatisse|confusion\n|-activate|p2a: Aromatisse|confusion\n|move|p2a: Aromatisse|Wish|p2a: Aromatisse\n|\n|-heal|p2a: Aromatisse|7\/100|[from] item: Leftovers\n|upkeep\n|turn|25\n|\n|t:|1655060176\n|-activate|p2a: Aromatisse|confusion\n|-damage|p2a: Aromatisse|3\/100|[from] confusion\n|move|p1a: Charizard|Flamethrower|p2a: Aromatisse\n|-damage|p2a: Aromatisse|0 fnt\n|faint|p2a: Aromatisse\n|\n|upkeep\n|\n|t:|1655060178\n|switch|p2a: Lanturn|Lanturn, F|70\/100 tox\n|-damage|p2a: Lanturn|58\/100 tox|[from] Stealth Rock\n|turn|26\n|c|\u2606Peachy07|my b\n|\n|t:|1655060199\n|move|p2a: Lanturn|Hydro Pump|p1a: Charizard\n|-supereffective|p1a: Charizard\n|-damage|p1a: Charizard|0 fnt\n|faint|p1a: Charizard\n|\n|-damage|p2a: Lanturn|51\/100 tox|[from] psn\n|upkeep\n|\n|t:|1655060205\n|switch|p1a: Sneasel|Sneasel, F|100\/100\n|turn|27\n|\n|t:|1655060220\n|switch|p2a: Trevenant|Trevenant, M|45\/100\n|-damage|p2a: Trevenant|32\/100|[from] Stealth Rock\n|move|p1a: Sneasel|Knock Off|p2a: Trevenant\n|-supereffective|p2a: Trevenant\n|-damage|p2a: Trevenant|0 fnt\n|-enditem|p2a: Trevenant|Choice Band|[from] move: Knock Off|[of] p1a: Sneasel\n|faint|p2a: Trevenant\n|\n|upkeep\n|\n|t:|1655060223\n|switch|p2a: Ferroseed|Ferroseed, F|100\/100\n|-damage|p2a: Ferroseed|94\/100|[from] Stealth Rock\n|turn|28\n|\n|t:|1655060229\n|switch|p1a: Togedemaru|Togedemaru, M|88\/100\n|move|p2a: Ferroseed|Leech Seed|p1a: Togedemaru\n|-start|p1a: Togedemaru|move: Leech Seed\n|\n|-damage|p1a: Togedemaru|76\/100|[from] Leech Seed|[of] p2a: Ferroseed\n|-heal|p2a: Ferroseed|100\/100|[silent]\n|upkeep\n|turn|29\n|\n|t:|1655060237\n|move|p1a: Togedemaru|U-turn|p2a: Ferroseed\n|-damage|p2a: Ferroseed|92\/100\n|-damage|p1a: Togedemaru|64\/100|[from] ability: Iron Barbs|[of] p2a: Ferroseed\n|\n|t:|1655060240\n|switch|p1a: Sneasel|Sneasel, F|100\/100|[from]move: U-turn\n|move|p2a: Ferroseed|Stealth Rock|p1a: Sneasel\n|-sidestart|p1: Peachy07|move: Stealth Rock\n|\n|upkeep\n|turn|30\n|\n|t:|1655060246\n|move|p1a: Sneasel|Swords Dance|p1a: Sneasel\n|-boost|p1a: Sneasel|atk|2\n|move|p2a: Ferroseed|Gyro Ball|p1a: Sneasel\n|-supereffective|p1a: Sneasel\n|-damage|p1a: Sneasel|0 fnt\n|faint|p1a: Sneasel\n|\n|upkeep\n|c|\u2606Peachy07|g\n|c|\u2606Peachy07|g\n|c|\u2606xskelly34|gg\n|-message|Peachy07 forfeited.\n|\n|win|xskelly34\n|l|\u2606Peachy07\n|l|\u2606xskelly34\n","uploadtime":1655060258,"views":480,"p1id":"peachy07","p2id":"xskelly34","formatid":"gen8pu","rating":0,"private":0,"password":null}