{"id":"gen8ou-1580037828","p1":"Pepo0142","p2":"FENDINI","format":"gen8ou","log":"|j|\u2606Pepo0142\n|j|\u2606FENDINI\n|t:|1653181500\n|gametype|singles\n|player|p1|Pepo0142|roughneck-gen4|1636\n|player|p2|FENDINI|n|1664\n|teamsize|p1|6\n|teamsize|p2|6\n|gen|8\n|tier|[Gen 8] OU\n|rated|\n|rule|Sleep Clause Mod: Limit one foe put to sleep\n|rule|Species Clause: Limit one of each Pok\u00e9mon\n|rule|OHKO Clause: OHKO moves are banned\n|rule|Evasion Moves Clause: Evasion moves are banned\n|rule|Endless Battle Clause: Forcing endless battles is banned\n|rule|HP Percentage Mod: HP is shown in percentages\n|rule|Dynamax Clause: You cannot dynamax\n|clearpoke\n|poke|p1|Espeon, F|\n|poke|p1|Kommo-o, M|\n|poke|p1|Melmetal|\n|poke|p1|Zapdos|\n|poke|p1|Nidoking, M|\n|poke|p1|Blaziken, M|\n|poke|p2|Dragapult, M|\n|poke|p2|Urshifu-*, M|\n|poke|p2|Tapu Lele|\n|poke|p2|Tornadus-Therian, M|\n|poke|p2|Landorus-Therian, M|\n|poke|p2|Ferrothorn, M|\n|teampreview\n|inactive|Battle timer is ON: inactive players will automatically lose when time's up. (requested by Pepo0142)\n|inactive|Pepo0142 has 120 seconds left.\n|inactive|FENDINI has 120 seconds left.\n|\n|t:|1653181544\n|start\n|switch|p1a: Espeon|Espeon, F|100\/100\n|switch|p2a: Dragapult|Dragapult, M|100\/100\n|turn|1\n|\n|t:|1653181556\n|switch|p1a: Zapdos|Zapdos|100\/100\n|move|p2a: Dragapult|U-turn|p1a: Zapdos\n|-resisted|p1a: Zapdos\n|-damage|p1a: Zapdos|94\/100\n|-damage|p2a: Dragapult|84\/100|[from] item: Rocky Helmet|[of] p1a: Zapdos\n|\n|t:|1653181565\n|switch|p2a: Landorus|Landorus-Therian, M|100\/100|[from]move: U-turn\n|-ability|p2a: Landorus|Intimidate|boost\n|-unboost|p1a: Zapdos|atk|1\n|\n|upkeep\n|turn|2\n|\n|t:|1653181577\n|switch|p2a: Tornadus|Tornadus-Therian, M|100\/100\n|switch|p1a: Espeon|Espeon, F|100\/100\n|\n|upkeep\n|turn|3\n|\n|t:|1653181594\n|switch|p1a: Zapdos|Zapdos|94\/100\n|move|p2a: Tornadus|U-turn|p1a: Zapdos\n|-resisted|p1a: Zapdos\n|-damage|p1a: Zapdos|89\/100\n|-damage|p2a: Tornadus|84\/100|[from] item: Rocky Helmet|[of] p1a: Zapdos\n|\n|t:|1653181596\n|switch|p2a: Dragapult|Dragapult, M|84\/100|[from]move: U-turn\n|\n|upkeep\n|turn|4\n|\n|t:|1653181599\n|move|p2a: Dragapult|Shadow Ball|p1a: Zapdos\n|-damage|p1a: Zapdos|42\/100\n|move|p1a: Zapdos|Roost|p1a: Zapdos\n|-heal|p1a: Zapdos|92\/100\n|-singleturn|p1a: Zapdos|move: Roost\n|\n|upkeep\n|turn|5\n|\n|t:|1653181604\n|switch|p1a: Kommo-o|Kommo-o, M|100\/100\n|move|p2a: Dragapult|Shadow Ball|p1a: Kommo-o\n|-immune|p1a: Kommo-o|[from] ability: Bulletproof\n|\n|upkeep\n|turn|6\n|\n|t:|1653181609\n|switch|p2a: Tornadus|Tornadus-Therian, M|100\/100\n|move|p1a: Kommo-o|Drain Punch|p2a: Tornadus\n|-resisted|p2a: Tornadus\n|-damage|p2a: Tornadus|81\/100\n|\n|upkeep\n|turn|7\n|\n|t:|1653181616\n|switch|p2a: Tapu Lele|Tapu Lele|100\/100\n|-fieldstart|move: Psychic Terrain|[from] ability: Psychic Surge|[of] p2a: Tapu Lele\n|switch|p1a: Zapdos|Zapdos|92\/100\n|\n|upkeep\n|turn|8\n|\n|t:|1653181622\n|switch|p1a: Melmetal|Melmetal|100\/100\n|move|p2a: Tapu Lele|Psychic|p1a: Melmetal\n|-resisted|p1a: Melmetal\n|-damage|p1a: Melmetal|75\/100\n|\n|upkeep\n|turn|9\n|\n|t:|1653181627\n|switch|p2a: Ferrothorn|Ferrothorn, M|100\/100\n|move|p1a: Melmetal|Ice Punch|p2a: Ferrothorn\n|-damage|p2a: Ferrothorn|67\/100\n|-damage|p1a: Melmetal|62\/100|[from] ability: Iron Barbs|[of] p2a: Ferrothorn\n|\n|-heal|p2a: Ferrothorn|74\/100|[from] item: Leftovers\n|upkeep\n|turn|10\n|\n|t:|1653181632\n|switch|p1a: Espeon|Espeon, F|100\/100\n|move|p2a: Ferrothorn|Leech Seed|p1a: Espeon\n|move|p1a: Espeon|Leech Seed|p2a: Ferrothorn|[from]ability: Magic Bounce\n|-immune|p2a: Ferrothorn\n|\n|-heal|p2a: Ferrothorn|80\/100|[from] item: Leftovers\n|upkeep\n|turn|11\n|\n|t:|1653181637\n|move|p1a: Espeon|Reflect|p1a: Espeon\n|-sidestart|p1: Pepo0142|Reflect\n|move|p2a: Ferrothorn|Knock Off|p1a: Espeon\n|-supereffective|p1a: Espeon\n|-damage|p1a: Espeon|80\/100\n|-enditem|p1a: Espeon|Light Clay|[from] move: Knock Off|[of] p2a: Ferrothorn\n|\n|-heal|p2a: Ferrothorn|86\/100|[from] item: Leftovers\n|-fieldend|move: Psychic Terrain\n|upkeep\n|turn|12\n|\n|t:|1653181644\n|switch|p2a: Dragapult|Dragapult, M|84\/100\n|move|p1a: Espeon|Light Screen|p1a: Espeon\n|-sidestart|p1: Pepo0142|move: Light Screen\n|\n|upkeep\n|turn|13\n|\n|t:|1653181649\n|switch|p1a: Zapdos|Zapdos|92\/100\n|move|p2a: Dragapult|Shadow Ball|p1a: Zapdos\n|-damage|p1a: Zapdos|40\/100\n|\n|upkeep\n|turn|14\n|\n|t:|1653181655\n|move|p2a: Dragapult|Shadow Ball|p1a: Zapdos\n|-damage|p1a: Zapdos|0 fnt\n|faint|p1a: Zapdos\n|\n|upkeep\n|\n|t:|1653181663\n|switch|p1a: Blaziken|Blaziken, M|100\/100\n|turn|15\n|\n|t:|1653181670\n|move|p2a: Dragapult|Shadow Ball|p1a: Blaziken\n|-damage|p1a: Blaziken|7\/100\n|move|p1a: Blaziken|Swords Dance|p1a: Blaziken\n|-boost|p1a: Blaziken|atk|2\n|\n|-ability|p1a: Blaziken|Speed Boost|boost\n|-boost|p1a: Blaziken|spe|1\n|upkeep\n|turn|16\n|\n|t:|1653181686\n|switch|p2a: Ferrothorn|Ferrothorn, M|86\/100\n|move|p1a: Blaziken|Blaze Kick|p2a: Ferrothorn\n|-supereffective|p2a: Ferrothorn\n|-damage|p2a: Ferrothorn|0 fnt\n|-damage|p1a: Blaziken|0 fnt|[from] ability: Iron Barbs|[of] p2a: Ferrothorn\n|faint|p2a: Ferrothorn\n|faint|p1a: Blaziken\n|\n|-sideend|p1: Pepo0142|move: Light Screen\n|upkeep\n|\n|t:|1653181703\n|switch|p1a: Nidoking|Nidoking, M|100\/100\n|switch|p2a: Dragapult|Dragapult, M|84\/100\n|turn|17\n|\n|t:|1653181710\n|switch|p1a: Kommo-o|Kommo-o, M|100\/100\n|move|p2a: Dragapult|Draco Meteor|p1a: Kommo-o\n|-supereffective|p1a: Kommo-o\n|-damage|p1a: Kommo-o|0 fnt\n|-unboost|p2a: Dragapult|spa|2\n|faint|p1a: Kommo-o\n|\n|upkeep\n|\n|t:|1653181712\n|switch|p1a: Nidoking|Nidoking, M|100\/100\n|turn|18\n|\n|t:|1653181723\n|switch|p2a: Tornadus|Tornadus-Therian, M|100\/100\n|move|p1a: Nidoking|Sludge Wave|p2a: Tornadus\n|-damage|p2a: Tornadus|31\/100\n|\n|-sideend|p1: Pepo0142|Reflect\n|upkeep\n|turn|19\n|\n|t:|1653181729\n|move|p2a: Tornadus|Knock Off|p1a: Nidoking\n|-damage|p1a: Nidoking|73\/100\n|-enditem|p1a: Nidoking|Life Orb|[from] move: Knock Off|[of] p2a: Tornadus\n|move|p1a: Nidoking|Ice Beam|p2a: Tornadus\n|-supereffective|p2a: Tornadus\n|-damage|p2a: Tornadus|0 fnt\n|faint|p2a: Tornadus\n|\n|upkeep\n|\n|t:|1653181735\n|switch|p2a: Dragapult|Dragapult, M|84\/100\n|turn|20\n|\n|t:|1653181739\n|switch|p1a: Melmetal|Melmetal|62\/100\n|move|p2a: Dragapult|Shadow Ball|p1a: Melmetal\n|-damage|p1a: Melmetal|9\/100\n|\n|upkeep\n|turn|21\n|-message|Pepo0142 forfeited.\n|\n|win|FENDINI\n|raw|Pepo0142's rating: 1636 &rarr; <strong>1618<\/strong><br \/>(-18 for losing)\n|raw|FENDINI's rating: 1664 &rarr; <strong>1682<\/strong><br \/>(+18 for winning)\n|l|\u2606Pepo0142\n","uploadtime":1653181748,"views":24,"p1id":"pepo0142","p2id":"fendini","formatid":"gen8ou","rating":1618,"private":0,"password":null}