{"id":"gen8doublesubers-1706964024","p1":"just a random soul","p2":"PheonixDez","format":"gen8doublesubers","log":"|j|\u2606just a random soul\n|j|\u2606PheonixDez\n|t:|1668036893\n|gametype|doubles\n|player|p1|just a random soul|iris-gen5bw2|\n|player|p2|PheonixDez|steven|\n|teamsize|p1|6\n|teamsize|p2|6\n|gen|8\n|tier|[Gen 8] Doubles Ubers\n|rule|Species Clause: Limit one of each Pok\u00e9mon\n|rule|OHKO Clause: OHKO moves are banned\n|rule|Evasion Moves Clause: Evasion moves are banned\n|rule|Endless Battle Clause: Forcing endless battles is banned\n|rule|HP Percentage Mod: HP is shown in percentages\n|clearpoke\n|poke|p1|Calyrex-Shadow|\n|poke|p1|Zacian-*|\n|poke|p1|Dragapult, F|\n|poke|p1|Rotom-Wash|\n|poke|p1|Urshifu-*, F|\n|poke|p1|Dracovish|\n|poke|p2|Landorus-Therian, M|\n|poke|p2|Dracovish|\n|poke|p2|Ferrothorn, F|\n|poke|p2|Toxtricity, M|\n|poke|p2|Calyrex-Shadow|\n|poke|p2|Xerneas-*|\n|teampreview\n|inactive|Battle timer is ON: inactive players will automatically lose when time's up. (requested by PheonixDez)\n|\n|t:|1668036907\n|start\n|switch|p1a: Mac and cheese|Rotom-Wash, shiny|100\/100\n|switch|p1b: The white one|Dracovish, shiny|100\/100\n|switch|p2a: Xerneas|Xerneas|100\/100\n|switch|p2b: Calyrex|Calyrex-Shadow|100\/100\n|-ability|p2b: Calyrex|As One\n|-ability|p2b: Calyrex|Unnerve\n|-ability|p2a: Xerneas|Fairy Aura\n|turn|1\n|inactive|PheonixDez has 270 seconds left.\n|\n|t:|1668036946\n|switch|p1b: Crown|Zacian-Crowned|100\/100\n|-ability|p1b: Crown|Intrepid Sword|boost\n|-boost|p1b: Crown|atk|1\n|move|p2b: Calyrex|Astral Barrage|p1a: Mac and cheese|[spread] p1a,p1b\n|-damage|p1a: Mac and cheese|45\/100\n|-damage|p1b: Crown|52\/100\n|move|p2a: Xerneas|Geomancy||[still]\n|-prepare|p2a: Xerneas|Geomancy\n|-enditem|p2a: Xerneas|Power Herb\n|-anim|p2a: Xerneas|Geomancy|p2a: Xerneas\n|-boost|p2a: Xerneas|spa|2\n|-boost|p2a: Xerneas|spd|2\n|-boost|p2a: Xerneas|spe|2\n|move|p1a: Mac and cheese|Will-O-Wisp|p2b: Calyrex\n|-status|p2b: Calyrex|brn\n|\n|-heal|p1a: Mac and cheese|51\/100|[from] item: Leftovers\n|-damage|p2b: Calyrex|94\/100 brn|[from] brn\n|upkeep\n|turn|2\n|inactive|just a random soul has 270 seconds left.\n|\n|t:|1668036984\n|move|p2b: Calyrex|Astral Barrage|p1a: Mac and cheese|[spread] p1a,p1b\n|-damage|p1a: Mac and cheese|0 fnt\n|-damage|p1b: Crown|8\/100\n|faint|p1a: Mac and cheese\n|-ability|p2b: Calyrex|Grim Neigh|boost\n|-boost|p2b: Calyrex|spa|1\n|move|p2a: Xerneas|Moonblast|p1b: Crown\n|-resisted|p1b: Crown\n|-damage|p1b: Crown|0 fnt\n|faint|p1b: Crown\n|\n|-damage|p2b: Calyrex|88\/100 brn|[from] brn\n|upkeep\n|\n|t:|1668037002\n|switch|p1b: The white one|Dracovish, shiny|100\/100\n|switch|p1a: Ghoust rider|Calyrex-Shadow|100\/100\n|-ability|p1a: Ghoust rider|As One\n|-ability|p1a: Ghoust rider|Unnerve\n|turn|3\n|inactive|just a random soul has 270 seconds left.\n|\n|t:|1668037031\n|move|p2b: Calyrex|Astral Barrage|p1a: Ghoust rider|[spread] p1a,p1b\n|-supereffective|p1a: Ghoust rider\n|-damage|p1a: Ghoust rider|0 fnt\n|-damage|p1b: The white one|0 fnt\n|faint|p1a: Ghoust rider\n|faint|p1b: The white one\n|-ability|p2b: Calyrex|Grim Neigh|boost\n|-boost|p2b: Calyrex|spa|2\n|move|p2a: Xerneas|Moonblast|p1: Ghoust rider|[notarget]\n|-fail|p2a: Xerneas\n|\n|-damage|p2b: Calyrex|82\/100 brn|[from] brn\n|upkeep\n|\n|t:|1668037044\n|switch|p1a: Bear|Urshifu-Rapid-Strike, F|100\/100\n|switch|p1b: Dead dragon|Dragapult, F|100\/100\n|turn|4\n|inactive|just a random soul has 270 seconds left.\n|\n|t:|1668037057\n|move|p2b: Calyrex|Astral Barrage|p1b: Dead dragon|[spread] p1a,p1b\n|-supereffective|p1b: Dead dragon\n|-damage|p1a: Bear|0 fnt\n|-damage|p1b: Dead dragon|0 fnt\n|faint|p1a: Bear\n|faint|p1b: Dead dragon\n|\n|win|PheonixDez\n|l|\u2606just a random soul\n","uploadtime":1668037145,"views":3,"p1id":"justarandomsoul","p2id":"pheonixdez","formatid":"gen8doublesubers","rating":0,"private":0,"password":null}