{"id":"gen8ou-1636630364","p1":"lt92pf cuzzie","p2":"Lenape","format":"gen8ou","log":"|raw|<div class=\"broadcast-blue\"><strong>This battle is required to be public due to a player having a name starting with 'lt92pf'.<\/div>\n|j|\u2606lt92pf cuzzie\n|j|\u2606Lenape\n|t:|1660148514\n|gametype|singles\n|player|p1|lt92pf cuzzie|2|1802\n|player|p2|Lenape|101|1795\n|teamsize|p1|6\n|teamsize|p2|6\n|gen|8\n|tier|[Gen 8] OU\n|rated|\n|rule|Sleep Clause Mod: Limit one foe put to sleep\n|rule|Species Clause: Limit one of each Pok\u00e9mon\n|rule|OHKO Clause: OHKO moves are banned\n|rule|Evasion Items Clause: Evasion items are banned\n|rule|Evasion Moves Clause: Evasion moves are banned\n|rule|Endless Battle Clause: Forcing endless battles is banned\n|rule|HP Percentage Mod: HP is shown in percentages\n|rule|Dynamax Clause: You cannot dynamax\n|clearpoke\n|poke|p1|Regieleki|\n|poke|p1|Heatran, F|\n|poke|p1|Mamoswine, M|\n|poke|p1|Corviknight, M|\n|poke|p1|Volcarona, F|\n|poke|p1|Rotom-Wash|\n|poke|p2|Rhyperior, F|\n|poke|p2|Toxapex, M|\n|poke|p2|Corviknight, M|\n|poke|p2|Umbreon, M|\n|poke|p2|Sylveon, M|\n|poke|p2|Rotom-Heat|\n|teampreview\n|inactive|Battle timer is ON: inactive players will automatically lose when time's up. (requested by lt92pf cuzzie)\n|c|\u2606lt92pf cuzzie|glhf\n|\n|t:|1660148535\n|start\n|switch|p1a: BeastFromDaEast|Regieleki|100\/100\n|switch|p2a: Rotom|Rotom-Heat|100\/100\n|turn|1\n|\n|t:|1660148551\n|switch|p1a: Rotom|Rotom-Wash|100\/100\n|switch|p2a: Rhyperior|Rhyperior, F|100\/100\n|\n|upkeep\n|turn|2\n|\n|t:|1660148557\n|switch|p2a: Toxapex|Toxapex, M|100\/100\n|move|p1a: Rotom|Hydro Pump|p2a: Toxapex|[miss]\n|-miss|p1a: Rotom|p2a: Toxapex\n|\n|upkeep\n|turn|3\n|\n|t:|1660148561\n|switch|p2a: Rhyperior|Rhyperior, F|100\/100\n|move|p1a: Rotom|Volt Switch|p2a: Rhyperior\n|-immune|p2a: Rhyperior\n|\n|upkeep\n|turn|4\n|\n|t:|1660148564\n|switch|p2a: Toxapex|Toxapex, M|100\/100\n|move|p1a: Rotom|Hydro Pump|p2a: Toxapex\n|-resisted|p2a: Toxapex\n|-damage|p2a: Toxapex|85\/100\n|\n|-heal|p2a: Toxapex|91\/100|[from] item: Black Sludge\n|upkeep\n|turn|5\n|\n|t:|1660148566\n|move|p2a: Toxapex|Baneful Bunker|p2a: Toxapex\n|-singleturn|p2a: Toxapex|move: Protect\n|move|p1a: Rotom|Volt Switch|p2a: Toxapex\n|-activate|p2a: Toxapex|move: Protect\n|\n|-heal|p2a: Toxapex|97\/100|[from] item: Black Sludge\n|upkeep\n|turn|6\n|\n|t:|1660148569\n|move|p1a: Rotom|Volt Switch|p2a: Toxapex\n|-supereffective|p2a: Toxapex\n|-damage|p2a: Toxapex|57\/100\n|\n|t:|1660148573\n|switch|p1a: Mamoswine|Mamoswine, M|100\/100|[from]move: Volt Switch\n|move|p2a: Toxapex|Scald|p1a: Mamoswine\n|-supereffective|p1a: Mamoswine\n|-damage|p1a: Mamoswine|48\/100\n|-status|p1a: Mamoswine|brn\n|\n|-heal|p2a: Toxapex|63\/100|[from] item: Black Sludge\n|-damage|p1a: Mamoswine|42\/100 brn|[from] brn\n|upkeep\n|turn|7\n|\n|t:|1660148577\n|switch|p2a: Rotom|Rotom-Heat|100\/100\n|move|p1a: Mamoswine|Stealth Rock|p2a: Rotom\n|-sidestart|p2: Lenape|move: Stealth Rock\n|\n|-damage|p1a: Mamoswine|36\/100 brn|[from] brn\n|upkeep\n|turn|8\n|\n|t:|1660148580\n|switch|p1a: click toxic|Heatran, F|100\/100\n|move|p2a: Rotom|Trick|p1a: click toxic\n|-activate|p2a: Rotom|move: Trick|[of] p1a: click toxic\n|-item|p1a: click toxic|Choice Scarf|[from] move: Trick\n|-item|p2a: Rotom|Power Herb|[from] move: Trick\n|\n|upkeep\n|turn|9\n|\n|t:|1660148590\n|move|p1a: click toxic|Toxic|p2a: Rotom\n|-status|p2a: Rotom|tox\n|move|p2a: Rotom|Defog|p1a: click toxic\n|-unboost|p1a: click toxic|evasion|1\n|-sideend|p2: Lenape|Stealth Rock|[from] move: Defog|[of] p2a: Rotom\n|\n|-damage|p2a: Rotom|94\/100 tox|[from] psn\n|upkeep\n|turn|10\n|\n|t:|1660148596\n|switch|p1a: Mamoswine|Mamoswine, M|36\/100 brn\n|switch|p2a: Umbreon|Umbreon, M|100\/100\n|\n|-damage|p1a: Mamoswine|30\/100 brn|[from] brn\n|upkeep\n|turn|11\n|\n|t:|1660148600\n|move|p1a: Mamoswine|Stealth Rock|p2a: Umbreon\n|-sidestart|p2: Lenape|move: Stealth Rock\n|move|p2a: Umbreon|Heal Bell|p2a: Umbreon\n|-activate|p2a: Umbreon|move: Heal Bell\n|-curestatus|p2: Rotom|tox|[msg]\n|\n|-damage|p1a: Mamoswine|24\/100 brn|[from] brn\n|upkeep\n|turn|12\n|\n|t:|1660148611\n|switch|p1a: BlastFromDaPast|Corviknight, M|100\/100\n|-ability|p1a: BlastFromDaPast|Pressure\n|move|p2a: Umbreon|Wish|p2a: Umbreon\n|\n|upkeep\n|turn|13\n|\n|t:|1660148618\n|switch|p2a: Rotom|Rotom-Heat|94\/100\n|-damage|p2a: Rotom|69\/100|[from] Stealth Rock\n|move|p1a: BlastFromDaPast|Substitute|p1a: BlastFromDaPast\n|-start|p1a: BlastFromDaPast|Substitute\n|-damage|p1a: BlastFromDaPast|76\/100\n|\n|-heal|p2a: Rotom|100\/100|[from] move: Wish|[wisher] Umbreon\n|-heal|p1a: BlastFromDaPast|82\/100|[from] item: Leftovers\n|upkeep\n|turn|14\n|\n|t:|1660148622\n|move|p2a: Rotom|Discharge|p1a: BlastFromDaPast\n|-supereffective|p1a: BlastFromDaPast\n|-end|p1a: BlastFromDaPast|Substitute\n|move|p1a: BlastFromDaPast|Substitute|p1a: BlastFromDaPast\n|-start|p1a: BlastFromDaPast|Substitute\n|-damage|p1a: BlastFromDaPast|57\/100\n|\n|-heal|p1a: BlastFromDaPast|63\/100|[from] item: Leftovers\n|upkeep\n|turn|15\n|\n|t:|1660148635\n|move|p2a: Rotom|Defog|p1a: BlastFromDaPast\n|-sideend|p2: Lenape|Stealth Rock|[from] move: Defog|[of] p2a: Rotom\n|move|p1a: BlastFromDaPast|Bulk Up|p1a: BlastFromDaPast\n|-boost|p1a: BlastFromDaPast|atk|1\n|-boost|p1a: BlastFromDaPast|def|1\n|\n|-heal|p1a: BlastFromDaPast|69\/100|[from] item: Leftovers\n|upkeep\n|turn|16\n|\n|t:|1660148637\n|move|p2a: Rotom|Discharge|p1a: BlastFromDaPast\n|-supereffective|p1a: BlastFromDaPast\n|-end|p1a: BlastFromDaPast|Substitute\n|move|p1a: BlastFromDaPast|Substitute|p1a: BlastFromDaPast\n|-start|p1a: BlastFromDaPast|Substitute\n|-damage|p1a: BlastFromDaPast|44\/100\n|\n|-heal|p1a: BlastFromDaPast|50\/100|[from] item: Leftovers\n|upkeep\n|turn|17\n|\n|t:|1660148645\n|move|p2a: Rotom|Discharge|p1a: BlastFromDaPast\n|-supereffective|p1a: BlastFromDaPast\n|-end|p1a: BlastFromDaPast|Substitute\n|move|p1a: BlastFromDaPast|Roost|p1a: BlastFromDaPast\n|-heal|p1a: BlastFromDaPast|99\/100\n|-singleturn|p1a: BlastFromDaPast|move: Roost\n|\n|-heal|p1a: BlastFromDaPast|100\/100|[from] item: Leftovers\n|upkeep\n|turn|18\n|\n|t:|1660148652\n|switch|p1a: Mamoswine|Mamoswine, M|24\/100 brn\n|move|p2a: Rotom|Will-O-Wisp|p1a: Mamoswine|[miss]\n|-miss|p2a: Rotom|p1a: Mamoswine\n|\n|-damage|p1a: Mamoswine|18\/100 brn|[from] brn\n|upkeep\n|turn|19\n|\n|t:|1660148659\n|move|p1a: Mamoswine|Stealth Rock|p2a: Rotom\n|-sidestart|p2: Lenape|move: Stealth Rock\n|move|p2a: Rotom|Discharge|p1a: Mamoswine\n|-immune|p1a: Mamoswine\n|\n|-damage|p1a: Mamoswine|12\/100 brn|[from] brn\n|upkeep\n|turn|20\n|\n|t:|1660148664\n|switch|p1a: click toxic|Heatran, F|100\/100\n|move|p2a: Rotom|Defog|p1a: click toxic\n|-unboost|p1a: click toxic|evasion|1\n|-sideend|p2: Lenape|Stealth Rock|[from] move: Defog|[of] p2a: Rotom\n|\n|upkeep\n|turn|21\n|j| rheysali\n|j| Cramoraunt\n|\n|t:|1660148671\n|switch|p1a: Mamoswine|Mamoswine, M|12\/100 brn\n|switch|p2a: Toxapex|Toxapex, M|97\/100\n|\n|-heal|p2a: Toxapex|100\/100|[from] item: Black Sludge\n|-damage|p1a: Mamoswine|6\/100 brn|[from] brn\n|upkeep\n|turn|22\n|\n|t:|1660148676\n|switch|p2a: Rotom|Rotom-Heat|100\/100\n|move|p1a: Mamoswine|Stealth Rock|p2a: Rotom\n|-sidestart|p2: Lenape|move: Stealth Rock\n|\n|-damage|p1a: Mamoswine|0 fnt|[from] brn\n|faint|p1a: Mamoswine\n|upkeep\n|\n|t:|1660148681\n|switch|p1a: Rotom|Rotom-Wash|100\/100\n|turn|23\n|\n|t:|1660148686\n|move|p2a: Rotom|Defog|p1a: Rotom\n|-unboost|p1a: Rotom|evasion|1\n|-sideend|p2: Lenape|Stealth Rock|[from] move: Defog|[of] p2a: Rotom\n|move|p1a: Rotom|Hydro Pump|p2a: Rotom\n|-supereffective|p2a: Rotom\n|-damage|p2a: Rotom|29\/100\n|\n|upkeep\n|turn|24\n|\n|t:|1660148693\n|switch|p2a: Sylveon|Sylveon, M|100\/100\n|move|p1a: Rotom|Volt Switch|p2a: Sylveon\n|-damage|p2a: Sylveon|84\/100\n|\n|t:|1660148696\n|switch|p1a: BeastFromDaEast|Regieleki|100\/100|[from]move: Volt Switch\n|\n|-heal|p2a: Sylveon|90\/100|[from] item: Leftovers\n|upkeep\n|turn|25\n|\n|t:|1660148699\n|switch|p1a: Rotom|Rotom-Wash|100\/100\n|switch|p2a: Rhyperior|Rhyperior, F|100\/100\n|\n|upkeep\n|turn|26\n|\n|t:|1660148703\n|switch|p2a: Sylveon|Sylveon, M|90\/100\n|move|p1a: Rotom|Hydro Pump|p2a: Sylveon\n|-damage|p2a: Sylveon|65\/100\n|\n|-heal|p2a: Sylveon|71\/100|[from] item: Leftovers\n|upkeep\n|turn|27\n|\n|t:|1660148706\n|move|p1a: Rotom|Volt Switch|p2a: Sylveon\n|-damage|p2a: Sylveon|53\/100\n|\n|t:|1660148708\n|switch|p1a: click toxic|Heatran, F|100\/100|[from]move: Volt Switch\n|move|p2a: Sylveon|Wish|p2a: Sylveon\n|\n|-heal|p2a: Sylveon|59\/100|[from] item: Leftovers\n|upkeep\n|turn|28\n|\n|t:|1660148717\n|switch|p2a: Rotom|Rotom-Heat|29\/100\n|move|p1a: click toxic|Toxic|p2a: Rotom\n|-status|p2a: Rotom|tox\n|\n|-heal|p2a: Rotom|94\/100 tox|[from] move: Wish|[wisher] Sylveon\n|-damage|p2a: Rotom|88\/100 tox|[from] psn\n|upkeep\n|turn|29\n|\n|t:|1660148723\n|switch|p1a: where's ur haze?|Volcarona, F|100\/100\n|switch|p2a: Umbreon|Umbreon, M|100\/100\n|\n|upkeep\n|turn|30\n|\n|t:|1660148728\n|switch|p2a: Rhyperior|Rhyperior, F|100\/100\n|move|p1a: where's ur haze?|Safeguard|p1a: where's ur haze?\n|-sidestart|p1: lt92pf cuzzie|Safeguard\n|\n|upkeep\n|turn|31\n|\n|t:|1660148736\n|switch|p1a: BlastFromDaPast|Corviknight, M|100\/100\n|-ability|p1a: BlastFromDaPast|Pressure\n|move|p2a: Rhyperior|Stealth Rock|p1a: BlastFromDaPast\n|-sidestart|p1: lt92pf cuzzie|move: Stealth Rock\n|\n|upkeep\n|turn|32\n|j| SHSP\n|\n|t:|1660148742\n|switch|p2a: Umbreon|Umbreon, M|100\/100\n|move|p1a: BlastFromDaPast|Bulk Up|p1a: BlastFromDaPast\n|-boost|p1a: BlastFromDaPast|atk|1\n|-boost|p1a: BlastFromDaPast|def|1\n|\n|upkeep\n|turn|33\n|\n|t:|1660148744\n|move|p1a: BlastFromDaPast|Bulk Up|p1a: BlastFromDaPast\n|-boost|p1a: BlastFromDaPast|atk|1\n|-boost|p1a: BlastFromDaPast|def|1\n|move|p2a: Umbreon|Heal Bell|p2a: Umbreon\n|-activate|p2a: Umbreon|move: Heal Bell\n|-curestatus|p2: Rotom|tox|[msg]\n|\n|upkeep\n|turn|34\n|j| Makima\n|\n|t:|1660148747\n|switch|p2a: Rotom|Rotom-Heat|88\/100\n|move|p1a: BlastFromDaPast|Substitute|p1a: BlastFromDaPast\n|-start|p1a: BlastFromDaPast|Substitute\n|-damage|p1a: BlastFromDaPast|76\/100\n|\n|-heal|p1a: BlastFromDaPast|82\/100|[from] item: Leftovers\n|-sideend|p1: lt92pf cuzzie|Safeguard\n|upkeep\n|turn|35\n|l| Makima\n|\n|t:|1660148754\n|move|p2a: Rotom|Discharge|p1a: BlastFromDaPast\n|-supereffective|p1a: BlastFromDaPast\n|-end|p1a: BlastFromDaPast|Substitute\n|move|p1a: BlastFromDaPast|Substitute|p1a: BlastFromDaPast\n|-start|p1a: BlastFromDaPast|Substitute\n|-damage|p1a: BlastFromDaPast|57\/100\n|\n|-heal|p1a: BlastFromDaPast|63\/100|[from] item: Leftovers\n|upkeep\n|turn|36\n|\n|t:|1660148761\n|move|p2a: Rotom|Discharge|p1a: BlastFromDaPast\n|-supereffective|p1a: BlastFromDaPast\n|-end|p1a: BlastFromDaPast|Substitute\n|move|p1a: BlastFromDaPast|Substitute|p1a: BlastFromDaPast\n|-start|p1a: BlastFromDaPast|Substitute\n|-damage|p1a: BlastFromDaPast|38\/100\n|\n|-heal|p1a: BlastFromDaPast|44\/100|[from] item: Leftovers\n|upkeep\n|turn|37\n|\n|t:|1660148768\n|move|p2a: Rotom|Discharge|p1a: BlastFromDaPast\n|-supereffective|p1a: BlastFromDaPast\n|-end|p1a: BlastFromDaPast|Substitute\n|move|p1a: BlastFromDaPast|Substitute|p1a: BlastFromDaPast\n|-start|p1a: BlastFromDaPast|Substitute\n|-damage|p1a: BlastFromDaPast|19\/100\n|\n|-heal|p1a: BlastFromDaPast|25\/100|[from] item: Leftovers\n|upkeep\n|turn|38\n|\n|t:|1660148773\n|move|p2a: Rotom|Discharge|p1a: BlastFromDaPast\n|-supereffective|p1a: BlastFromDaPast\n|-end|p1a: BlastFromDaPast|Substitute\n|move|p1a: BlastFromDaPast|Roost|p1a: BlastFromDaPast\n|-heal|p1a: BlastFromDaPast|75\/100\n|-singleturn|p1a: BlastFromDaPast|move: Roost\n|\n|-heal|p1a: BlastFromDaPast|81\/100|[from] item: Leftovers\n|upkeep\n|turn|39\n|j| Don Colombus\n|\n|t:|1660148781\n|switch|p1a: Rotom|Rotom-Wash|100\/100\n|-damage|p1a: Rotom|88\/100|[from] Stealth Rock\n|move|p2a: Rotom|Discharge|p1a: Rotom\n|-damage|p1a: Rotom|57\/100\n|\n|-heal|p1a: Rotom|63\/100|[from] item: Leftovers\n|upkeep\n|turn|40\n|\n|t:|1660148790\n|switch|p2a: Umbreon|Umbreon, M|100\/100\n|move|p1a: Rotom|Volt Switch|p2a: Umbreon\n|-damage|p2a: Umbreon|82\/100\n|\n|t:|1660148795\n|switch|p1a: BlastFromDaPast|Corviknight, M|81\/100|[from]move: Volt Switch\n|-damage|p1a: BlastFromDaPast|69\/100|[from] Stealth Rock\n|-ability|p1a: BlastFromDaPast|Pressure\n|\n|-heal|p1a: BlastFromDaPast|75\/100|[from] item: Leftovers\n|-heal|p2a: Umbreon|88\/100|[from] item: Leftovers\n|upkeep\n|turn|41\n|\n|t:|1660148804\n|switch|p2a: Rotom|Rotom-Heat|88\/100\n|move|p1a: BlastFromDaPast|Substitute|p1a: BlastFromDaPast\n|-start|p1a: BlastFromDaPast|Substitute\n|-damage|p1a: BlastFromDaPast|50\/100\n|\n|-heal|p1a: BlastFromDaPast|56\/100|[from] item: Leftovers\n|upkeep\n|turn|42\n|\n|t:|1660148809\n|move|p2a: Rotom|Discharge|p1a: BlastFromDaPast\n|-supereffective|p1a: BlastFromDaPast\n|-end|p1a: BlastFromDaPast|Substitute\n|move|p1a: BlastFromDaPast|Substitute|p1a: BlastFromDaPast\n|-start|p1a: BlastFromDaPast|Substitute\n|-damage|p1a: BlastFromDaPast|32\/100\n|\n|-heal|p1a: BlastFromDaPast|38\/100|[from] item: Leftovers\n|upkeep\n|turn|43\n|l| Don Colombus\n|\n|t:|1660148816\n|move|p2a: Rotom|Trick||[still]\n|-fail|p2a: Rotom\n|move|p1a: BlastFromDaPast|Roost|p1a: BlastFromDaPast\n|-heal|p1a: BlastFromDaPast|88\/100\n|-singleturn|p1a: BlastFromDaPast|move: Roost\n|\n|-heal|p1a: BlastFromDaPast|94\/100|[from] item: Leftovers\n|upkeep\n|turn|44\n|\n|t:|1660148824\n|move|p2a: Rotom|Discharge|p1a: BlastFromDaPast\n|-supereffective|p1a: BlastFromDaPast\n|-end|p1a: BlastFromDaPast|Substitute\n|move|p1a: BlastFromDaPast|Substitute|p1a: BlastFromDaPast\n|-start|p1a: BlastFromDaPast|Substitute\n|-damage|p1a: BlastFromDaPast|69\/100\n|\n|-heal|p1a: BlastFromDaPast|75\/100|[from] item: Leftovers\n|upkeep\n|turn|45\n|\n|t:|1660148831\n|move|p2a: Rotom|Discharge|p1a: BlastFromDaPast\n|-supereffective|p1a: BlastFromDaPast\n|-end|p1a: BlastFromDaPast|Substitute\n|move|p1a: BlastFromDaPast|Bulk Up|p1a: BlastFromDaPast\n|-boost|p1a: BlastFromDaPast|atk|1\n|-boost|p1a: BlastFromDaPast|def|1\n|\n|-heal|p1a: BlastFromDaPast|81\/100|[from] item: Leftovers\n|upkeep\n|turn|46\n|\n|t:|1660148836\n|switch|p1a: click toxic|Heatran, F|100\/100\n|-damage|p1a: click toxic|88\/100|[from] Stealth Rock\n|move|p2a: Rotom|Will-O-Wisp|p1a: click toxic\n|-start|p1a: click toxic|ability: Flash Fire\n|\n|upkeep\n|turn|47\n|\n|t:|1660148846\n|switch|p2a: Rhyperior|Rhyperior, F|100\/100\n|move|p1a: click toxic|Magma Storm|p2a: Rhyperior\n|-resisted|p2a: Rhyperior\n|-damage|p2a: Rhyperior|74\/100\n|-activate|p2a: Rhyperior|move: Magma Storm|[of] p1a: click toxic\n|\n|-heal|p2a: Rhyperior|80\/100|[from] item: Leftovers\n|-damage|p2a: Rhyperior|68\/100|[from] move: Magma Storm|[partiallytrapped]\n|upkeep\n|turn|48\n|\n|t:|1660148850\n|move|p1a: click toxic|Magma Storm|p2a: Rhyperior\n|-resisted|p2a: Rhyperior\n|-damage|p2a: Rhyperior|43\/100\n|move|p2a: Rhyperior|Rock Blast|p1a: click toxic\n|-damage|p1a: click toxic|78\/100\n|-damage|p1a: click toxic|68\/100\n|-damage|p1a: click toxic|58\/100\n|-damage|p1a: click toxic|49\/100\n|-damage|p1a: click toxic|39\/100\n|-hitcount|p1a: click toxic|5\n|\n|-heal|p2a: Rhyperior|49\/100|[from] item: Leftovers\n|-damage|p2a: Rhyperior|36\/100|[from] move: Magma Storm|[partiallytrapped]\n|upkeep\n|turn|49\n|\n|t:|1660148856\n|move|p1a: click toxic|Magma Storm|p2a: Rhyperior\n|-resisted|p2a: Rhyperior\n|-damage|p2a: Rhyperior|12\/100\n|move|p2a: Rhyperior|Earthquake|p1a: click toxic\n|-supereffective|p1a: click toxic\n|-damage|p1a: click toxic|0 fnt\n|faint|p1a: click toxic\n|\n|-heal|p2a: Rhyperior|18\/100|[from] item: Leftovers\n|-end|p2a: Rhyperior|Magma Storm|[partiallytrapped]|[silent]\n|upkeep\n|\n|t:|1660148861\n|switch|p1a: BlastFromDaPast|Corviknight, M|81\/100\n|-damage|p1a: BlastFromDaPast|69\/100|[from] Stealth Rock\n|-ability|p1a: BlastFromDaPast|Pressure\n|turn|50\n|\n|t:|1660148866\n|switch|p2a: Rotom|Rotom-Heat|88\/100\n|move|p1a: BlastFromDaPast|Substitute|p1a: BlastFromDaPast\n|-start|p1a: BlastFromDaPast|Substitute\n|-damage|p1a: BlastFromDaPast|44\/100\n|\n|-heal|p1a: BlastFromDaPast|50\/100|[from] item: Leftovers\n|upkeep\n|turn|51\n|\n|t:|1660148871\n|move|p2a: Rotom|Discharge|p1a: BlastFromDaPast\n|-supereffective|p1a: BlastFromDaPast\n|-end|p1a: BlastFromDaPast|Substitute\n|move|p1a: BlastFromDaPast|Roost|p1a: BlastFromDaPast\n|-heal|p1a: BlastFromDaPast|99\/100\n|-singleturn|p1a: BlastFromDaPast|move: Roost\n|\n|-heal|p1a: BlastFromDaPast|100\/100|[from] item: Leftovers\n|upkeep\n|turn|52\n|\n|t:|1660148884\n|switch|p1a: where's ur haze?|Volcarona, F|100\/100\n|move|p2a: Rotom|Will-O-Wisp|p1a: where's ur haze?\n|-immune|p1a: where's ur haze?\n|\n|upkeep\n|turn|53\n|j| Tace\n|\n|t:|1660148891\n|switch|p2a: Sylveon|Sylveon, M|59\/100\n|move|p1a: where's ur haze?|Quiver Dance|p1a: where's ur haze?\n|-boost|p1a: where's ur haze?|spa|1\n|-boost|p1a: where's ur haze?|spd|1\n|-boost|p1a: where's ur haze?|spe|1\n|\n|-heal|p2a: Sylveon|65\/100|[from] item: Leftovers\n|upkeep\n|turn|54\n|\n|t:|1660148896\n|move|p1a: where's ur haze?|Quiver Dance|p1a: where's ur haze?\n|-boost|p1a: where's ur haze?|spa|1\n|-boost|p1a: where's ur haze?|spd|1\n|-boost|p1a: where's ur haze?|spe|1\n|move|p2a: Sylveon|Calm Mind|p2a: Sylveon\n|-boost|p2a: Sylveon|spa|1\n|-boost|p2a: Sylveon|spd|1\n|\n|-heal|p2a: Sylveon|72\/100|[from] item: Leftovers\n|upkeep\n|turn|55\n|j| gare23limit\n|\n|t:|1660148900\n|move|p1a: where's ur haze?|Flamethrower|p2a: Sylveon\n|-damage|p2a: Sylveon|35\/100\n|move|p2a: Sylveon|Wish|p2a: Sylveon\n|\n|-heal|p2a: Sylveon|41\/100|[from] item: Leftovers\n|upkeep\n|turn|56\n|\n|t:|1660148905\n|switch|p1a: BeastFromDaEast|Regieleki|100\/100\n|-damage|p1a: BeastFromDaEast|88\/100|[from] Stealth Rock\n|move|p2a: Sylveon|Calm Mind|p2a: Sylveon\n|-boost|p2a: Sylveon|spa|1\n|-boost|p2a: Sylveon|spd|1\n|\n|-heal|p2a: Sylveon|91\/100|[from] move: Wish|[wisher] Sylveon\n|-heal|p2a: Sylveon|97\/100|[from] item: Leftovers\n|upkeep\n|turn|57\n|\n|t:|1660148910\n|move|p2a: Sylveon|Protect|p2a: Sylveon\n|-singleturn|p2a: Sylveon|Protect\n|move|p1a: BeastFromDaEast|Electro Ball|p2a: Sylveon\n|-activate|p2a: Sylveon|move: Protect\n|\n|-heal|p2a: Sylveon|100\/100|[from] item: Leftovers\n|upkeep\n|turn|58\n|\n|t:|1660148913\n|move|p1a: BeastFromDaEast|Electro Ball|p2a: Sylveon\n|-damage|p2a: Sylveon|58\/100\n|move|p2a: Sylveon|Wish|p2a: Sylveon\n|\n|-heal|p2a: Sylveon|64\/100|[from] item: Leftovers\n|upkeep\n|turn|59\n|\n|t:|1660148916\n|move|p1a: BeastFromDaEast|Electro Ball|p2a: Sylveon\n|-damage|p2a: Sylveon|21\/100\n|move|p2a: Sylveon|Calm Mind|p2a: Sylveon\n|-boost|p2a: Sylveon|spa|1\n|-boost|p2a: Sylveon|spd|1\n|\n|-heal|p2a: Sylveon|71\/100|[from] move: Wish|[wisher] Sylveon\n|-heal|p2a: Sylveon|77\/100|[from] item: Leftovers\n|upkeep\n|turn|60\n|\n|t:|1660148920\n|move|p1a: BeastFromDaEast|Electro Ball|p2a: Sylveon\n|-damage|p2a: Sylveon|43\/100\n|move|p2a: Sylveon|Wish|p2a: Sylveon\n|\n|-heal|p2a: Sylveon|49\/100|[from] item: Leftovers\n|upkeep\n|turn|61\n|\n|t:|1660148923\n|move|p1a: BeastFromDaEast|Electro Ball|p2a: Sylveon\n|-damage|p2a: Sylveon|19\/100\n|move|p2a: Sylveon|Calm Mind|p2a: Sylveon\n|-boost|p2a: Sylveon|spa|1\n|-boost|p2a: Sylveon|spd|1\n|\n|-heal|p2a: Sylveon|69\/100|[from] move: Wish|[wisher] Sylveon\n|-heal|p2a: Sylveon|75\/100|[from] item: Leftovers\n|upkeep\n|turn|62\n|l| gare23limit\n|j| Yuipo\n|\n|t:|1660148927\n|move|p1a: BeastFromDaEast|Electro Ball|p2a: Sylveon\n|-damage|p2a: Sylveon|49\/100\n|move|p2a: Sylveon|Wish|p2a: Sylveon\n|\n|-heal|p2a: Sylveon|55\/100|[from] item: Leftovers\n|upkeep\n|turn|63\n|\n|t:|1660148930\n|move|p2a: Sylveon|Protect|p2a: Sylveon\n|-singleturn|p2a: Sylveon|Protect\n|move|p1a: BeastFromDaEast|Electro Ball|p2a: Sylveon\n|-activate|p2a: Sylveon|move: Protect\n|\n|-heal|p2a: Sylveon|100\/100|[from] move: Wish|[wisher] Sylveon\n|upkeep\n|turn|64\n|\n|t:|1660148932\n|move|p1a: BeastFromDaEast|Electro Ball|p2a: Sylveon\n|-damage|p2a: Sylveon|75\/100\n|move|p2a: Sylveon|Wish|p2a: Sylveon\n|\n|-heal|p2a: Sylveon|81\/100|[from] item: Leftovers\n|upkeep\n|turn|65\n|\n|t:|1660148935\n|move|p1a: BeastFromDaEast|Electro Ball|p2a: Sylveon\n|-damage|p2a: Sylveon|51\/100\n|move|p2a: Sylveon|Hyper Voice|p1a: BeastFromDaEast\n|-damage|p1a: BeastFromDaEast|0 fnt\n|faint|p1a: BeastFromDaEast\n|\n|-heal|p2a: Sylveon|100\/100|[from] move: Wish|[wisher] Sylveon\n|upkeep\n|\n|t:|1660148939\n|switch|p1a: where's ur haze?|Volcarona, F|100\/100\n|turn|66\n|\n|t:|1660148941\n|move|p1a: where's ur haze?|Quiver Dance|p1a: where's ur haze?\n|-boost|p1a: where's ur haze?|spa|1\n|-boost|p1a: where's ur haze?|spd|1\n|-boost|p1a: where's ur haze?|spe|1\n|move|p2a: Sylveon|Hyper Voice|p1a: where's ur haze?\n|-resisted|p1a: where's ur haze?\n|-damage|p1a: where's ur haze?|48\/100\n|\n|upkeep\n|turn|67\n|\n|t:|1660148947\n|move|p1a: where's ur haze?|Quiver Dance|p1a: where's ur haze?\n|-boost|p1a: where's ur haze?|spa|1\n|-boost|p1a: where's ur haze?|spd|1\n|-boost|p1a: where's ur haze?|spe|1\n|move|p2a: Sylveon|Hyper Voice|p1a: where's ur haze?\n|-resisted|p1a: where's ur haze?\n|-damage|p1a: where's ur haze?|11\/100\n|\n|upkeep\n|turn|68\n|\n|t:|1660148950\n|move|p1a: where's ur haze?|Roost|p1a: where's ur haze?\n|-heal|p1a: where's ur haze?|61\/100\n|-singleturn|p1a: where's ur haze?|move: Roost\n|move|p2a: Sylveon|Hyper Voice|p1a: where's ur haze?\n|-resisted|p1a: where's ur haze?\n|-damage|p1a: where's ur haze?|21\/100\n|\n|upkeep\n|turn|69\n|\n|t:|1660148954\n|move|p1a: where's ur haze?|Roost|p1a: where's ur haze?\n|-heal|p1a: where's ur haze?|71\/100\n|-singleturn|p1a: where's ur haze?|move: Roost\n|move|p2a: Sylveon|Hyper Voice|p1a: where's ur haze?\n|-resisted|p1a: where's ur haze?\n|-damage|p1a: where's ur haze?|32\/100\n|\n|upkeep\n|turn|70\n|\n|t:|1660148959\n|move|p1a: where's ur haze?|Roost|p1a: where's ur haze?\n|-heal|p1a: where's ur haze?|82\/100\n|-singleturn|p1a: where's ur haze?|move: Roost\n|move|p2a: Sylveon|Hyper Voice|p1a: where's ur haze?\n|-resisted|p1a: where's ur haze?\n|-damage|p1a: where's ur haze?|43\/100\n|\n|upkeep\n|turn|71\n|\n|t:|1660148961\n|move|p1a: where's ur haze?|Roost|p1a: where's ur haze?\n|-heal|p1a: where's ur haze?|93\/100\n|-singleturn|p1a: where's ur haze?|move: Roost\n|move|p2a: Sylveon|Calm Mind|p2a: Sylveon\n|-boost|p2a: Sylveon|spa|1\n|-boost|p2a: Sylveon|spd|1\n|\n|upkeep\n|turn|72\n|\n|t:|1660148964\n|move|p1a: where's ur haze?|Quiver Dance|p1a: where's ur haze?\n|-boost|p1a: where's ur haze?|spa|1\n|-boost|p1a: where's ur haze?|spd|1\n|-boost|p1a: where's ur haze?|spe|1\n|move|p2a: Sylveon|Calm Mind|p2a: Sylveon\n|-boost|p2a: Sylveon|spa|1\n|-boost|p2a: Sylveon|spd|1\n|\n|upkeep\n|turn|73\n|\n|t:|1660148969\n|move|p1a: where's ur haze?|Quiver Dance|p1a: where's ur haze?\n|-boost|p1a: where's ur haze?|spa|1\n|-boost|p1a: where's ur haze?|spd|1\n|-boost|p1a: where's ur haze?|spe|1\n|move|p2a: Sylveon|Hyper Voice|p1a: where's ur haze?\n|-resisted|p1a: where's ur haze?\n|-damage|p1a: where's ur haze?|63\/100\n|\n|upkeep\n|turn|74\n|\n|t:|1660148975\n|move|p1a: where's ur haze?|Quiver Dance|p1a: where's ur haze?\n|-boost|p1a: where's ur haze?|spa|1\n|-boost|p1a: where's ur haze?|spd|1\n|-boost|p1a: where's ur haze?|spe|1\n|move|p2a: Sylveon|Hyper Voice|p1a: where's ur haze?\n|-resisted|p1a: where's ur haze?\n|-damage|p1a: where's ur haze?|34\/100\n|\n|upkeep\n|turn|75\n|\n|t:|1660148978\n|move|p1a: where's ur haze?|Roost|p1a: where's ur haze?\n|-heal|p1a: where's ur haze?|84\/100\n|-singleturn|p1a: where's ur haze?|move: Roost\n|move|p2a: Sylveon|Hyper Voice|p1a: where's ur haze?\n|-resisted|p1a: where's ur haze?\n|-damage|p1a: where's ur haze?|57\/100\n|\n|upkeep\n|turn|76\n|l| rheysali\n|\n|t:|1660148982\n|move|p1a: where's ur haze?|Quiver Dance|p1a: where's ur haze?\n|-boost|p1a: where's ur haze?|spa|1\n|-boost|p1a: where's ur haze?|spd|1\n|-boost|p1a: where's ur haze?|spe|1\n|move|p2a: Sylveon|Hyper Voice|p1a: where's ur haze?\n|-resisted|p1a: where's ur haze?\n|-damage|p1a: where's ur haze?|32\/100\n|\n|upkeep\n|turn|77\n|\n|t:|1660148987\n|move|p1a: where's ur haze?|Roost|p1a: where's ur haze?\n|-heal|p1a: where's ur haze?|82\/100\n|-singleturn|p1a: where's ur haze?|move: Roost\n|move|p2a: Sylveon|Calm Mind|p2a: Sylveon\n|-boost|p2a: Sylveon|spa|0\n|-boost|p2a: Sylveon|spd|0\n|\n|upkeep\n|turn|78\n|\n|t:|1660148992\n|move|p1a: where's ur haze?|Flamethrower|p2a: Sylveon\n|-damage|p2a: Sylveon|72\/100\n|move|p2a: Sylveon|Calm Mind|p2a: Sylveon\n|-boost|p2a: Sylveon|spa|0\n|-boost|p2a: Sylveon|spd|0\n|\n|-heal|p2a: Sylveon|78\/100|[from] item: Leftovers\n|upkeep\n|turn|79\n|\n|t:|1660148996\n|move|p2a: Sylveon|Protect|p2a: Sylveon\n|-singleturn|p2a: Sylveon|Protect\n|move|p1a: where's ur haze?|Quiver Dance|p1a: where's ur haze?\n|-boost|p1a: where's ur haze?|spa|0\n|-boost|p1a: where's ur haze?|spd|0\n|-boost|p1a: where's ur haze?|spe|0\n|\n|-heal|p2a: Sylveon|85\/100|[from] item: Leftovers\n|upkeep\n|turn|80\n|\n|t:|1660148998\n|move|p1a: where's ur haze?|Roost|p1a: where's ur haze?\n|-heal|p1a: where's ur haze?|100\/100\n|-singleturn|p1a: where's ur haze?|move: Roost\n|move|p2a: Sylveon|Calm Mind|p2a: Sylveon\n|-boost|p2a: Sylveon|spa|0\n|-boost|p2a: Sylveon|spd|0\n|\n|-heal|p2a: Sylveon|91\/100|[from] item: Leftovers\n|upkeep\n|turn|81\n|\n|t:|1660149001\n|move|p1a: where's ur haze?|Safeguard|p1a: where's ur haze?\n|-sidestart|p1: lt92pf cuzzie|Safeguard\n|move|p2a: Sylveon|Calm Mind|p2a: Sylveon\n|-boost|p2a: Sylveon|spa|0\n|-boost|p2a: Sylveon|spd|0\n|\n|-heal|p2a: Sylveon|97\/100|[from] item: Leftovers\n|upkeep\n|turn|82\n|\n|t:|1660149004\n|move|p1a: where's ur haze?|Flamethrower|p2a: Sylveon\n|-damage|p2a: Sylveon|69\/100\n|move|p2a: Sylveon|Calm Mind|p2a: Sylveon\n|-boost|p2a: Sylveon|spa|0\n|-boost|p2a: Sylveon|spd|0\n|\n|-heal|p2a: Sylveon|75\/100|[from] item: Leftovers\n|upkeep\n|turn|83\n|\n|t:|1660149007\n|move|p2a: Sylveon|Protect|p2a: Sylveon\n|-singleturn|p2a: Sylveon|Protect\n|move|p1a: where's ur haze?|Flamethrower|p2a: Sylveon\n|-activate|p2a: Sylveon|move: Protect\n|\n|-heal|p2a: Sylveon|81\/100|[from] item: Leftovers\n|upkeep\n|turn|84\n|\n|t:|1660149009\n|move|p1a: where's ur haze?|Flamethrower|p2a: Sylveon\n|-damage|p2a: Sylveon|52\/100\n|move|p2a: Sylveon|Calm Mind|p2a: Sylveon\n|-boost|p2a: Sylveon|spa|0\n|-boost|p2a: Sylveon|spd|0\n|\n|-heal|p2a: Sylveon|58\/100|[from] item: Leftovers\n|upkeep\n|turn|85\n|\n|t:|1660149013\n|move|p2a: Sylveon|Protect|p2a: Sylveon\n|-singleturn|p2a: Sylveon|Protect\n|move|p1a: where's ur haze?|Flamethrower|p2a: Sylveon\n|-activate|p2a: Sylveon|move: Protect\n|\n|-heal|p2a: Sylveon|64\/100|[from] item: Leftovers\n|-sideend|p1: lt92pf cuzzie|Safeguard\n|upkeep\n|turn|86\n|\n|t:|1660149015\n|move|p1a: where's ur haze?|Flamethrower|p2a: Sylveon\n|-damage|p2a: Sylveon|35\/100\n|move|p2a: Sylveon|Wish|p2a: Sylveon\n|\n|-heal|p2a: Sylveon|41\/100|[from] item: Leftovers\n|upkeep\n|turn|87\n|\n|t:|1660149019\n|move|p1a: where's ur haze?|Quiver Dance|p1a: where's ur haze?\n|-boost|p1a: where's ur haze?|spa|0\n|-boost|p1a: where's ur haze?|spd|0\n|-boost|p1a: where's ur haze?|spe|0\n|move|p2a: Sylveon|Calm Mind|p2a: Sylveon\n|-boost|p2a: Sylveon|spa|0\n|-boost|p2a: Sylveon|spd|0\n|\n|-heal|p2a: Sylveon|91\/100|[from] move: Wish|[wisher] Sylveon\n|-heal|p2a: Sylveon|97\/100|[from] item: Leftovers\n|upkeep\n|turn|88\n|\n|t:|1660149021\n|move|p2a: Sylveon|Protect|p2a: Sylveon\n|-singleturn|p2a: Sylveon|Protect\n|move|p1a: where's ur haze?|Quiver Dance|p1a: where's ur haze?\n|-boost|p1a: where's ur haze?|spa|0\n|-boost|p1a: where's ur haze?|spd|0\n|-boost|p1a: where's ur haze?|spe|0\n|\n|-heal|p2a: Sylveon|100\/100|[from] item: Leftovers\n|upkeep\n|turn|89\n|\n|t:|1660149023\n|move|p1a: where's ur haze?|Quiver Dance|p1a: where's ur haze?\n|-boost|p1a: where's ur haze?|spa|0\n|-boost|p1a: where's ur haze?|spd|0\n|-boost|p1a: where's ur haze?|spe|0\n|move|p2a: Sylveon|Calm Mind|p2a: Sylveon\n|-boost|p2a: Sylveon|spa|0\n|-boost|p2a: Sylveon|spd|0\n|\n|upkeep\n|turn|90\n|\n|t:|1660149025\n|move|p1a: where's ur haze?|Quiver Dance|p1a: where's ur haze?\n|-boost|p1a: where's ur haze?|spa|0\n|-boost|p1a: where's ur haze?|spd|0\n|-boost|p1a: where's ur haze?|spe|0\n|move|p2a: Sylveon|Calm Mind|p2a: Sylveon\n|-boost|p2a: Sylveon|spa|0\n|-boost|p2a: Sylveon|spd|0\n|\n|upkeep\n|turn|91\n|\n|t:|1660149028\n|move|p1a: where's ur haze?|Safeguard|p1a: where's ur haze?\n|-sidestart|p1: lt92pf cuzzie|Safeguard\n|move|p2a: Sylveon|Calm Mind|p2a: Sylveon\n|-boost|p2a: Sylveon|spa|0\n|-boost|p2a: Sylveon|spd|0\n|\n|upkeep\n|turn|92\n|\n|t:|1660149030\n|move|p1a: where's ur haze?|Safeguard||[still]\n|-fail|p1a: where's ur haze?\n|move|p2a: Sylveon|Calm Mind|p2a: Sylveon\n|-boost|p2a: Sylveon|spa|0\n|-boost|p2a: Sylveon|spd|0\n|\n|upkeep\n|turn|93\n|\n|t:|1660149031\n|move|p1a: where's ur haze?|Safeguard||[still]\n|-fail|p1a: where's ur haze?\n|move|p2a: Sylveon|Calm Mind|p2a: Sylveon\n|-boost|p2a: Sylveon|spa|0\n|-boost|p2a: Sylveon|spd|0\n|\n|upkeep\n|turn|94\n|\n|t:|1660149033\n|move|p1a: where's ur haze?|Safeguard||[still]\n|-fail|p1a: where's ur haze?\n|move|p2a: Sylveon|Calm Mind|p2a: Sylveon\n|-boost|p2a: Sylveon|spa|0\n|-boost|p2a: Sylveon|spd|0\n|\n|upkeep\n|turn|95\n|\n|t:|1660149035\n|move|p1a: where's ur haze?|Safeguard||[still]\n|-fail|p1a: where's ur haze?\n|move|p2a: Sylveon|Calm Mind|p2a: Sylveon\n|-boost|p2a: Sylveon|spa|0\n|-boost|p2a: Sylveon|spd|0\n|\n|-sideend|p1: lt92pf cuzzie|Safeguard\n|upkeep\n|turn|96\n|\n|t:|1660149036\n|move|p1a: where's ur haze?|Safeguard|p1a: where's ur haze?\n|-sidestart|p1: lt92pf cuzzie|Safeguard\n|move|p2a: Sylveon|Calm Mind|p2a: Sylveon\n|-boost|p2a: Sylveon|spa|0\n|-boost|p2a: Sylveon|spd|0\n|\n|upkeep\n|turn|97\n|\n|t:|1660149039\n|move|p1a: where's ur haze?|Flamethrower|p2a: Sylveon\n|-damage|p2a: Sylveon|75\/100\n|move|p2a: Sylveon|Calm Mind|p2a: Sylveon\n|-boost|p2a: Sylveon|spa|0\n|-boost|p2a: Sylveon|spd|0\n|\n|-heal|p2a: Sylveon|81\/100|[from] item: Leftovers\n|upkeep\n|turn|98\n|c| Yuipo|safeguard got a lot of pp too heh\n|\n|t:|1660149043\n|move|p2a: Sylveon|Protect|p2a: Sylveon\n|-singleturn|p2a: Sylveon|Protect\n|move|p1a: where's ur haze?|Safeguard||[still]\n|-fail|p1a: where's ur haze?\n|\n|-heal|p2a: Sylveon|87\/100|[from] item: Leftovers\n|upkeep\n|turn|99\n|c|\u2606Lenape|Yeah just need to wear you down some\n|j| wulfanator\n|c|\u2606Lenape|I got other mons that can stall you out\n|c|\u2606Lenape|Combine with there PP i win\n|inactive|Lenape has 120 seconds left.\n|l| wulfanator\n|c| Cramoraunt|oh what's up yui\n|j| wulfanator\n|c| Yuipo|ayy\n|\n|t:|1660149082\n|move|p1a: where's ur haze?|Flamethrower|p2a: Sylveon\n|-damage|p2a: Sylveon|61\/100\n|move|p2a: Sylveon|Calm Mind|p2a: Sylveon\n|-boost|p2a: Sylveon|spa|0\n|-boost|p2a: Sylveon|spd|0\n|\n|-heal|p2a: Sylveon|67\/100|[from] item: Leftovers\n|upkeep\n|turn|100\n|c| Yuipo|mr million\n|c| Cramoraunt|wagwan\n|\n|t:|1660149099\n|move|p2a: Sylveon|Protect|p2a: Sylveon\n|-singleturn|p2a: Sylveon|Protect\n|move|p1a: where's ur haze?|Safeguard||[still]\n|-fail|p1a: where's ur haze?\n|\n|-heal|p2a: Sylveon|73\/100|[from] item: Leftovers\n|-sideend|p1: lt92pf cuzzie|Safeguard\n|upkeep\n|turn|101\n|\n|t:|1660149102\n|move|p1a: where's ur haze?|Safeguard|p1a: where's ur haze?\n|-sidestart|p1: lt92pf cuzzie|Safeguard\n|move|p2a: Sylveon|Wish|p2a: Sylveon\n|\n|-heal|p2a: Sylveon|79\/100|[from] item: Leftovers\n|upkeep\n|turn|102\n|\n|t:|1660149104\n|move|p1a: where's ur haze?|Safeguard||[still]\n|-fail|p1a: where's ur haze?\n|move|p2a: Sylveon|Calm Mind|p2a: Sylveon\n|-boost|p2a: Sylveon|spa|0\n|-boost|p2a: Sylveon|spd|0\n|\n|-heal|p2a: Sylveon|100\/100|[from] move: Wish|[wisher] Sylveon\n|upkeep\n|turn|103\n|\n|t:|1660149107\n|move|p1a: where's ur haze?|Safeguard||[still]\n|-fail|p1a: where's ur haze?\n|move|p2a: Sylveon|Calm Mind|p2a: Sylveon\n|-boost|p2a: Sylveon|spa|0\n|-boost|p2a: Sylveon|spd|0\n|\n|upkeep\n|turn|104\n|\n|t:|1660149110\n|move|p2a: Sylveon|Protect|p2a: Sylveon\n|-singleturn|p2a: Sylveon|Protect\n|move|p1a: where's ur haze?|Safeguard||[still]\n|-fail|p1a: where's ur haze?\n|\n|upkeep\n|turn|105\n|\n|t:|1660149111\n|move|p1a: where's ur haze?|Safeguard||[still]\n|-fail|p1a: where's ur haze?\n|move|p2a: Sylveon|Calm Mind|p2a: Sylveon\n|-boost|p2a: Sylveon|spa|0\n|-boost|p2a: Sylveon|spd|0\n|\n|-sideend|p1: lt92pf cuzzie|Safeguard\n|upkeep\n|turn|106\n|inactive|Lenape has 120 seconds left.\n|inactive|Lenape has 90 seconds left.\n|\n|t:|1660149175\n|move|p2a: Sylveon|Protect|p2a: Sylveon\n|-singleturn|p2a: Sylveon|Protect\n|move|p1a: where's ur haze?|Safeguard|p1a: where's ur haze?\n|-sidestart|p1: lt92pf cuzzie|Safeguard\n|\n|upkeep\n|turn|107\n|inactive|Lenape has 90 seconds left.\n|c| Yuipo|who is this legend so high up with dual eveelution rhyp rheat\n|\n|t:|1660149186\n|move|p1a: where's ur haze?|Flamethrower|p2a: Sylveon\n|-damage|p2a: Sylveon|74\/100\n|move|p2a: Sylveon|Wish|p2a: Sylveon\n|\n|-heal|p2a: Sylveon|80\/100|[from] item: Leftovers\n|upkeep\n|turn|108\n|j| CALL THE CREW\n|inactive|Lenape has 90 seconds left.\n|\n|t:|1660149205\n|move|p1a: where's ur haze?|Flamethrower|p2a: Sylveon\n|-damage|p2a: Sylveon|51\/100\n|move|p2a: Sylveon|Hyper Voice|p1a: where's ur haze?\n|-resisted|p1a: where's ur haze?\n|-damage|p1a: where's ur haze?|76\/100\n|\n|-heal|p2a: Sylveon|100\/100|[from] move: Wish|[wisher] Sylveon\n|upkeep\n|turn|109\n|l| SHSP\n|c| Cramoraunt|this is a pre-dlc team no?\n|inactive|Lenape has 90 seconds left.\n|c| Yuipo|looks like one\n|c|\u2606Lenape|Yeah\n|\n|t:|1660149226\n|move|p1a: where's ur haze?|Safeguard||[still]\n|-fail|p1a: where's ur haze?\n|move|p2a: Sylveon|Hyper Voice|p1a: where's ur haze?\n|-resisted|p1a: where's ur haze?\n|-damage|p1a: where's ur haze?|53\/100\n|\n|upkeep\n|turn|110\n|\n|t:|1660149231\n|move|p1a: where's ur haze?|Roost|p1a: where's ur haze?\n|-heal|p1a: where's ur haze?|100\/100\n|-singleturn|p1a: where's ur haze?|move: Roost\n|move|p2a: Sylveon|Hyper Voice|p1a: where's ur haze?\n|-resisted|p1a: where's ur haze?\n|-damage|p1a: where's ur haze?|77\/100\n|\n|-sideend|p1: lt92pf cuzzie|Safeguard\n|upkeep\n|turn|111\n|\n|t:|1660149236\n|move|p1a: where's ur haze?|Flamethrower|p2a: Sylveon\n|-damage|p2a: Sylveon|70\/100\n|-status|p2a: Sylveon|brn\n|move|p2a: Sylveon|Wish|p2a: Sylveon\n|\n|-heal|p2a: Sylveon|76\/100 brn|[from] item: Leftovers\n|-damage|p2a: Sylveon|70\/100 brn|[from] brn\n|upkeep\n|turn|112\n|c| Yuipo|yo\n|\n|t:|1660149243\n|move|p1a: where's ur haze?|Safeguard|p1a: where's ur haze?\n|-sidestart|p1: lt92pf cuzzie|Safeguard\n|move|p2a: Sylveon|Calm Mind|p2a: Sylveon\n|-boost|p2a: Sylveon|spa|0\n|-boost|p2a: Sylveon|spd|0\n|\n|-heal|p2a: Sylveon|100\/100 brn|[from] move: Wish|[wisher] Sylveon\n|-damage|p2a: Sylveon|94\/100 brn|[from] brn\n|upkeep\n|turn|113\n|\n|t:|1660149247\n|move|p2a: Sylveon|Protect|p2a: Sylveon\n|-singleturn|p2a: Sylveon|Protect\n|move|p1a: where's ur haze?|Safeguard||[still]\n|-fail|p1a: where's ur haze?\n|\n|-heal|p2a: Sylveon|100\/100 brn|[from] item: Leftovers\n|-damage|p2a: Sylveon|94\/100 brn|[from] brn\n|upkeep\n|turn|114\n|\n|t:|1660149251\n|move|p1a: where's ur haze?|Safeguard||[still]\n|-fail|p1a: where's ur haze?\n|move|p2a: Sylveon|Wish|p2a: Sylveon\n|\n|-heal|p2a: Sylveon|100\/100 brn|[from] item: Leftovers\n|-damage|p2a: Sylveon|94\/100 brn|[from] brn\n|upkeep\n|turn|115\n|l| Tace\n|\n|t:|1660149260\n|move|p1a: where's ur haze?|Safeguard||[still]\n|-fail|p1a: where's ur haze?\n|move|p2a: Sylveon|Hyper Voice|p1a: where's ur haze?\n|-resisted|p1a: where's ur haze?\n|-damage|p1a: where's ur haze?|52\/100\n|\n|-heal|p2a: Sylveon|100\/100 brn|[from] move: Wish|[wisher] Sylveon\n|-damage|p2a: Sylveon|94\/100 brn|[from] brn\n|upkeep\n|turn|116\n|\n|t:|1660149263\n|move|p1a: where's ur haze?|Roost|p1a: where's ur haze?\n|-heal|p1a: where's ur haze?|100\/100\n|-singleturn|p1a: where's ur haze?|move: Roost\n|move|p2a: Sylveon|Calm Mind|p2a: Sylveon\n|-boost|p2a: Sylveon|spa|0\n|-boost|p2a: Sylveon|spd|0\n|\n|-heal|p2a: Sylveon|100\/100 brn|[from] item: Leftovers\n|-damage|p2a: Sylveon|94\/100 brn|[from] brn\n|-sideend|p1: lt92pf cuzzie|Safeguard\n|upkeep\n|turn|117\n|\n|t:|1660149268\n|move|p2a: Sylveon|Protect|p2a: Sylveon\n|-singleturn|p2a: Sylveon|Protect\n|move|p1a: where's ur haze?|Safeguard|p1a: where's ur haze?\n|-sidestart|p1: lt92pf cuzzie|Safeguard\n|\n|-heal|p2a: Sylveon|100\/100 brn|[from] item: Leftovers\n|-damage|p2a: Sylveon|94\/100 brn|[from] brn\n|upkeep\n|turn|118\n|\n|t:|1660149273\n|move|p1a: where's ur haze?|Safeguard||[still]\n|-fail|p1a: where's ur haze?\n|move|p2a: Sylveon|Wish|p2a: Sylveon\n|\n|-heal|p2a: Sylveon|100\/100 brn|[from] item: Leftovers\n|-damage|p2a: Sylveon|94\/100 brn|[from] brn\n|upkeep\n|turn|119\n|\n|t:|1660149279\n|move|p1a: where's ur haze?|Safeguard||[still]\n|-fail|p1a: where's ur haze?\n|move|p2a: Sylveon|Hyper Voice|p1a: where's ur haze?\n|-resisted|p1a: where's ur haze?\n|-damage|p1a: where's ur haze?|75\/100\n|\n|-heal|p2a: Sylveon|100\/100 brn|[from] move: Wish|[wisher] Sylveon\n|-damage|p2a: Sylveon|94\/100 brn|[from] brn\n|upkeep\n|turn|120\n|\n|t:|1660149283\n|move|p1a: where's ur haze?|Safeguard||[still]\n|-fail|p1a: where's ur haze?\n|move|p2a: Sylveon|Calm Mind|p2a: Sylveon\n|-boost|p2a: Sylveon|spa|0\n|-boost|p2a: Sylveon|spd|0\n|\n|-heal|p2a: Sylveon|100\/100 brn|[from] item: Leftovers\n|-damage|p2a: Sylveon|94\/100 brn|[from] brn\n|upkeep\n|turn|121\n|\n|t:|1660149286\n|move|p1a: where's ur haze?|Safeguard||[still]\n|-fail|p1a: where's ur haze?\n|move|p2a: Sylveon|Calm Mind|p2a: Sylveon\n|-boost|p2a: Sylveon|spa|0\n|-boost|p2a: Sylveon|spd|0\n|\n|-heal|p2a: Sylveon|100\/100 brn|[from] item: Leftovers\n|-damage|p2a: Sylveon|94\/100 brn|[from] brn\n|-sideend|p1: lt92pf cuzzie|Safeguard\n|upkeep\n|turn|122\n|\n|t:|1660149289\n|move|p2a: Sylveon|Protect|p2a: Sylveon\n|-singleturn|p2a: Sylveon|Protect\n|move|p1a: where's ur haze?|Safeguard|p1a: where's ur haze?\n|-sidestart|p1: lt92pf cuzzie|Safeguard\n|\n|-heal|p2a: Sylveon|100\/100 brn|[from] item: Leftovers\n|-damage|p2a: Sylveon|94\/100 brn|[from] brn\n|upkeep\n|turn|123\n|\n|t:|1660149292\n|move|p1a: where's ur haze?|Safeguard||[still]\n|-fail|p1a: where's ur haze?\n|move|p2a: Sylveon|Wish|p2a: Sylveon\n|\n|-heal|p2a: Sylveon|100\/100 brn|[from] item: Leftovers\n|-damage|p2a: Sylveon|94\/100 brn|[from] brn\n|upkeep\n|turn|124\n|c| Cramoraunt|I think raikulover made it? idk tho I can't remember it was in OST like 2 years back\n|\n|t:|1660149296\n|move|p1a: where's ur haze?|Safeguard||[still]\n|-fail|p1a: where's ur haze?\n|move|p2a: Sylveon|Calm Mind|p2a: Sylveon\n|-boost|p2a: Sylveon|spa|0\n|-boost|p2a: Sylveon|spd|0\n|\n|-heal|p2a: Sylveon|100\/100 brn|[from] move: Wish|[wisher] Sylveon\n|-damage|p2a: Sylveon|94\/100 brn|[from] brn\n|upkeep\n|turn|125\n|c|\u2606Lenape|No i made it\n|c|\u2606lt92pf cuzzie|yeah uve been running this for a while now\n|c|\u2606Lenape|Iv been using since this gen came out\n|inactive|Lenape has 120 seconds left.\n|c| Cramoraunt|oh shit sorry I saw something like this on a forum post somewhere\n|c| Yuipo|what a beast\n|inactive|Lenape has 90 seconds left.\n|c| Yuipo|all the teams i've made at the beginning of the gen are way outdated now\n|inactive|Lenape has 60 seconds left.\n|c|\u2606Lenape|The only change since this gen came out is that i replaced cinderace with rotom after ban\n|\n|t:|1660149390\n|move|p2a: Sylveon|Protect|p2a: Sylveon\n|-singleturn|p2a: Sylveon|Protect\n|move|p1a: where's ur haze?|Safeguard||[still]\n|-fail|p1a: where's ur haze?\n|\n|-heal|p2a: Sylveon|100\/100 brn|[from] item: Leftovers\n|-damage|p2a: Sylveon|94\/100 brn|[from] brn\n|upkeep\n|turn|126\n|c| Cramoraunt|it deals well with kyu lol\n|\n|t:|1660149410\n|move|p1a: where's ur haze?|Safeguard||[still]\n|-fail|p1a: where's ur haze?\n|move|p2a: Sylveon|Calm Mind|p2a: Sylveon\n|-boost|p2a: Sylveon|spa|0\n|-boost|p2a: Sylveon|spd|0\n|\n|-heal|p2a: Sylveon|100\/100 brn|[from] item: Leftovers\n|-damage|p2a: Sylveon|94\/100 brn|[from] brn\n|-sideend|p1: lt92pf cuzzie|Safeguard\n|upkeep\n|turn|127\n|inactive|Lenape has 60 seconds left.\n|\n|t:|1660149416\n|move|p1a: where's ur haze?|Safeguard|p1a: where's ur haze?\n|-sidestart|p1: lt92pf cuzzie|Safeguard\n|move|p2a: Sylveon|Hyper Voice|p1a: where's ur haze?\n|-resisted|p1a: where's ur haze?\n|-damage|p1a: where's ur haze?|51\/100\n|\n|-heal|p2a: Sylveon|100\/100 brn|[from] item: Leftovers\n|-damage|p2a: Sylveon|94\/100 brn|[from] brn\n|upkeep\n|turn|128\n|\n|t:|1660149420\n|switch|p2a: Toxapex|Toxapex, M|100\/100\n|move|p1a: where's ur haze?|Roost|p1a: where's ur haze?\n|-heal|p1a: where's ur haze?|100\/100\n|-singleturn|p1a: where's ur haze?|move: Roost\n|\n|upkeep\n|turn|129\n|\n|t:|1660149424\n|move|p2a: Toxapex|Baneful Bunker|p2a: Toxapex\n|-singleturn|p2a: Toxapex|move: Protect\n|move|p1a: where's ur haze?|Flamethrower|p2a: Toxapex\n|-activate|p2a: Toxapex|move: Protect\n|\n|upkeep\n|turn|130\n|\n|t:|1660149426\n|move|p1a: where's ur haze?|Flamethrower|p2a: Toxapex\n|-resisted|p2a: Toxapex\n|-damage|p2a: Toxapex|39\/100\n|-status|p2a: Toxapex|brn\n|move|p2a: Toxapex|Recover|p2a: Toxapex\n|-heal|p2a: Toxapex|89\/100 brn\n|\n|-heal|p2a: Toxapex|96\/100 brn|[from] item: Black Sludge\n|-damage|p2a: Toxapex|89\/100 brn|[from] brn\n|upkeep\n|turn|131\n|c|\u2606Lenape|WEll that burn is unfortunate\n|\n|t:|1660149436\n|move|p2a: Toxapex|Baneful Bunker|p2a: Toxapex\n|-singleturn|p2a: Toxapex|move: Protect\n|move|p1a: where's ur haze?|Flamethrower|p2a: Toxapex\n|-activate|p2a: Toxapex|move: Protect\n|\n|-heal|p2a: Toxapex|96\/100 brn|[from] item: Black Sludge\n|-damage|p2a: Toxapex|89\/100 brn|[from] brn\n|-sideend|p1: lt92pf cuzzie|Safeguard\n|upkeep\n|turn|132\n|\n|t:|1660149440\n|move|p1a: where's ur haze?|Safeguard|p1a: where's ur haze?\n|-sidestart|p1: lt92pf cuzzie|Safeguard\n|move|p2a: Toxapex|Recover|p2a: Toxapex\n|-heal|p2a: Toxapex|100\/100 brn\n|\n|-damage|p2a: Toxapex|94\/100 brn|[from] brn\n|upkeep\n|turn|133\n|\n|t:|1660149448\n|move|p2a: Toxapex|Baneful Bunker|p2a: Toxapex\n|-singleturn|p2a: Toxapex|move: Protect\n|move|p1a: where's ur haze?|Quiver Dance|p1a: where's ur haze?\n|-boost|p1a: where's ur haze?|spa|0\n|-boost|p1a: where's ur haze?|spd|0\n|-boost|p1a: where's ur haze?|spe|0\n|\n|-heal|p2a: Toxapex|100\/100 brn|[from] item: Black Sludge\n|-damage|p2a: Toxapex|94\/100 brn|[from] brn\n|upkeep\n|turn|134\n|inactive|Lenape has 90 seconds left.\n|\n|t:|1660149454\n|move|p1a: where's ur haze?|Flamethrower|p2a: Toxapex\n|-resisted|p2a: Toxapex\n|-damage|p2a: Toxapex|32\/100 brn\n|move|p2a: Toxapex|Recover|p2a: Toxapex\n|-heal|p2a: Toxapex|82\/100 brn\n|\n|-heal|p2a: Toxapex|88\/100 brn|[from] item: Black Sludge\n|-damage|p2a: Toxapex|82\/100 brn|[from] brn\n|upkeep\n|turn|135\n|c|\u2606lt92pf cuzzie|nohaze pex :o\n|\n|t:|1660149461\n|move|p2a: Toxapex|Baneful Bunker|p2a: Toxapex\n|-singleturn|p2a: Toxapex|move: Protect\n|move|p1a: where's ur haze?|Quiver Dance|p1a: where's ur haze?\n|-boost|p1a: where's ur haze?|spa|0\n|-boost|p1a: where's ur haze?|spd|0\n|-boost|p1a: where's ur haze?|spe|0\n|\n|-heal|p2a: Toxapex|88\/100 brn|[from] item: Black Sludge\n|-damage|p2a: Toxapex|82\/100 brn|[from] brn\n|upkeep\n|turn|136\n|c|\u2606Lenape|Who needs it lol\n|\n|t:|1660149465\n|move|p1a: where's ur haze?|Flamethrower|p2a: Toxapex\n|-resisted|p2a: Toxapex\n|-damage|p2a: Toxapex|21\/100 brn\n|move|p2a: Toxapex|Recover|p2a: Toxapex\n|-heal|p2a: Toxapex|71\/100 brn\n|\n|-heal|p2a: Toxapex|77\/100 brn|[from] item: Black Sludge\n|-damage|p2a: Toxapex|71\/100 brn|[from] brn\n|-sideend|p1: lt92pf cuzzie|Safeguard\n|upkeep\n|turn|137\n|\n|t:|1660149473\n|move|p1a: where's ur haze?|Flamethrower|p2a: Toxapex\n|-resisted|p2a: Toxapex\n|-damage|p2a: Toxapex|1\/100 brn\n|move|p2a: Toxapex|Toxic|p1a: where's ur haze?\n|-status|p1a: where's ur haze?|tox\n|\n|-heal|p2a: Toxapex|7\/100 brn|[from] item: Black Sludge\n|-damage|p1a: where's ur haze?|94\/100 tox|[from] psn\n|-damage|p2a: Toxapex|1\/100 brn|[from] brn\n|upkeep\n|turn|138\n|c|\u2606Lenape|gotch\n|c|\u2606Lenape|a\n|\n|t:|1660149484\n|switch|p2a: Rhyperior|Rhyperior, F|18\/100\n|move|p1a: where's ur haze?|Flamethrower|p2a: Rhyperior\n|-resisted|p2a: Rhyperior\n|-damage|p2a: Rhyperior|0 fnt\n|faint|p2a: Rhyperior\n|\n|-damage|p1a: where's ur haze?|82\/100 tox|[from] psn\n|upkeep\n|\n|t:|1660149487\n|switch|p2a: Sylveon|Sylveon, M|94\/100 brn\n|turn|139\n|\n|t:|1660149497\n|move|p2a: Sylveon|Protect|p2a: Sylveon\n|-singleturn|p2a: Sylveon|Protect\n|move|p1a: where's ur haze?|Flamethrower|p2a: Sylveon\n|-activate|p2a: Sylveon|move: Protect\n|\n|-heal|p2a: Sylveon|100\/100 brn|[from] item: Leftovers\n|-damage|p1a: where's ur haze?|64\/100 tox|[from] psn\n|-damage|p2a: Sylveon|94\/100 brn|[from] brn\n|upkeep\n|turn|140\n|c|\u2606Lenape|That was a real high roll flame on that turn too\n|\n|t:|1660149515\n|switch|p2a: Rotom|Rotom-Heat|88\/100\n|move|p1a: where's ur haze?|Flamethrower|p2a: Rotom\n|-resisted|p2a: Rotom\n|-damage|p2a: Rotom|14\/100\n|\n|-damage|p1a: where's ur haze?|40\/100 tox|[from] psn\n|upkeep\n|turn|141\n|c|\u2606lt92pf cuzzie|yea burn was lucky\n|\n|t:|1660149523\n|move|p1a: where's ur haze?|Flamethrower|p2a: Rotom\n|-resisted|p2a: Rotom\n|-damage|p2a: Rotom|0 fnt\n|faint|p2a: Rotom\n|\n|-damage|p1a: where's ur haze?|9\/100 tox|[from] psn\n|upkeep\n|c| Yuipo|cuzzie do be a high roller\n|\n|t:|1660149529\n|switch|p2a: Umbreon|Umbreon, M|88\/100\n|turn|142\n|\n|t:|1660149532\n|move|p2a: Umbreon|Protect|p2a: Umbreon\n|-singleturn|p2a: Umbreon|Protect\n|move|p1a: where's ur haze?|Roost|p1a: where's ur haze?\n|-heal|p1a: where's ur haze?|59\/100 tox\n|-singleturn|p1a: where's ur haze?|move: Roost\n|\n|-heal|p2a: Umbreon|94\/100|[from] item: Leftovers\n|-damage|p1a: where's ur haze?|23\/100 tox|[from] psn\n|upkeep\n|turn|143\n|\n|t:|1660149538\n|switch|p2a: Sylveon|Sylveon, M|94\/100 brn\n|move|p1a: where's ur haze?|Flamethrower|p2a: Sylveon\n|-damage|p2a: Sylveon|0 fnt\n|faint|p2a: Sylveon\n|\n|-damage|p1a: where's ur haze?|0 fnt|[from] psn\n|faint|p1a: where's ur haze?\n|upkeep\n|\n|t:|1660149547\n|switch|p1a: Rotom|Rotom-Wash|63\/100\n|switch|p2a: Umbreon|Umbreon, M|94\/100\n|-damage|p1a: Rotom|51\/100|[from] Stealth Rock\n|turn|144\n|\n|t:|1660149555\n|move|p2a: Umbreon|Protect|p2a: Umbreon\n|-singleturn|p2a: Umbreon|Protect\n|move|p1a: Rotom|Volt Switch|p2a: Umbreon\n|-activate|p2a: Umbreon|move: Protect\n|\n|-heal|p1a: Rotom|57\/100|[from] item: Leftovers\n|-heal|p2a: Umbreon|100\/100|[from] item: Leftovers\n|upkeep\n|turn|145\n|\n|t:|1660149557\n|move|p1a: Rotom|Volt Switch|p2a: Umbreon\n|-damage|p2a: Umbreon|83\/100\n|\n|t:|1660149560\n|switch|p1a: BlastFromDaPast|Corviknight, M|100\/100|[from]move: Volt Switch\n|-damage|p1a: BlastFromDaPast|88\/100|[from] Stealth Rock\n|-ability|p1a: BlastFromDaPast|Pressure\n|move|p2a: Umbreon|Wish|p2a: Umbreon\n|\n|-heal|p1a: BlastFromDaPast|94\/100|[from] item: Leftovers\n|-heal|p2a: Umbreon|89\/100|[from] item: Leftovers\n|upkeep\n|turn|146\n|\n|t:|1660149566\n|move|p1a: BlastFromDaPast|Bulk Up|p1a: BlastFromDaPast\n|-boost|p1a: BlastFromDaPast|atk|1\n|-boost|p1a: BlastFromDaPast|def|1\n|move|p2a: Umbreon|Foul Play|p1a: BlastFromDaPast\n|-damage|p1a: BlastFromDaPast|68\/100\n|\n|-heal|p2a: Umbreon|100\/100|[from] move: Wish|[wisher] Umbreon\n|-heal|p1a: BlastFromDaPast|74\/100|[from] item: Leftovers\n|upkeep\n|turn|147\n|inactive|Lenape has 120 seconds left.\n|c| Yuipo|yo\n|c| Yuipo|imagine ev'ing to survive a foul play\n|c|\u2606lt92pf cuzzie|why tho\n|c| Yuipo|can set up on mandi super easily too\n|c|\u2606lt92pf cuzzie|no need\n|c| Yuipo|k\n|c| Cramoraunt|if def is higher, you reach an eventual <25 roll\n|\n|t:|1660149610\n|switch|p2a: Corviknight|Corviknight, M|100\/100\n|-ability|p2a: Corviknight|Pressure\n|move|p1a: BlastFromDaPast|Bulk Up|p1a: BlastFromDaPast\n|-boost|p1a: BlastFromDaPast|atk|1\n|-boost|p1a: BlastFromDaPast|def|1\n|\n|-heal|p1a: BlastFromDaPast|80\/100|[from] item: Leftovers\n|upkeep\n|turn|148\n|l| CALL THE CREW\n|\n|t:|1660149613\n|move|p1a: BlastFromDaPast|Bulk Up|p1a: BlastFromDaPast\n|-boost|p1a: BlastFromDaPast|atk|1\n|-boost|p1a: BlastFromDaPast|def|1\n|move|p2a: Corviknight|Bulk Up|p2a: Corviknight\n|-boost|p2a: Corviknight|atk|1\n|-boost|p2a: Corviknight|def|1\n|\n|-heal|p1a: BlastFromDaPast|86\/100|[from] item: Leftovers\n|upkeep\n|turn|149\n|\n|t:|1660149616\n|move|p1a: BlastFromDaPast|Bulk Up|p1a: BlastFromDaPast\n|-boost|p1a: BlastFromDaPast|atk|1\n|-boost|p1a: BlastFromDaPast|def|1\n|move|p2a: Corviknight|Bulk Up|p2a: Corviknight\n|-boost|p2a: Corviknight|atk|1\n|-boost|p2a: Corviknight|def|1\n|\n|-heal|p1a: BlastFromDaPast|92\/100|[from] item: Leftovers\n|upkeep\n|turn|150\n|\n|t:|1660149623\n|move|p1a: BlastFromDaPast|Bulk Up|p1a: BlastFromDaPast\n|-boost|p1a: BlastFromDaPast|atk|1\n|-boost|p1a: BlastFromDaPast|def|1\n|move|p2a: Corviknight|Substitute|p2a: Corviknight\n|-start|p2a: Corviknight|Substitute\n|-damage|p2a: Corviknight|75\/100\n|\n|-heal|p1a: BlastFromDaPast|98\/100|[from] item: Leftovers\n|-heal|p2a: Corviknight|82\/100|[from] item: Leftovers\n|upkeep\n|turn|151\n|c| Yuipo|o dang\n|\n|t:|1660149626\n|move|p1a: BlastFromDaPast|Bulk Up|p1a: BlastFromDaPast\n|-boost|p1a: BlastFromDaPast|atk|1\n|-boost|p1a: BlastFromDaPast|def|1\n|move|p2a: Corviknight|Bulk Up|p2a: Corviknight\n|-boost|p2a: Corviknight|atk|1\n|-boost|p2a: Corviknight|def|1\n|\n|-heal|p1a: BlastFromDaPast|100\/100|[from] item: Leftovers\n|-heal|p2a: Corviknight|88\/100|[from] item: Leftovers\n|upkeep\n|turn|152\n|\n|t:|1660149630\n|move|p1a: BlastFromDaPast|Substitute|p1a: BlastFromDaPast\n|-start|p1a: BlastFromDaPast|Substitute\n|-damage|p1a: BlastFromDaPast|76\/100\n|move|p2a: Corviknight|Substitute|p2a: Corviknight\n|-fail|p2a: Corviknight|move: Substitute\n|\n|-heal|p1a: BlastFromDaPast|82\/100|[from] item: Leftovers\n|-heal|p2a: Corviknight|94\/100|[from] item: Leftovers\n|upkeep\n|turn|153\n|\n|t:|1660149634\n|move|p1a: BlastFromDaPast|Brave Bird|p2a: Corviknight\n|-resisted|p2a: Corviknight\n|-end|p2a: Corviknight|Substitute\n|-damage|p1a: BlastFromDaPast|73\/100|[from] Recoil|[of] p2a: Corviknight\n|move|p2a: Corviknight|Bulk Up|p2a: Corviknight\n|-boost|p2a: Corviknight|atk|1\n|-boost|p2a: Corviknight|def|1\n|\n|-heal|p1a: BlastFromDaPast|79\/100|[from] item: Leftovers\n|-heal|p2a: Corviknight|100\/100|[from] item: Leftovers\n|upkeep\n|turn|154\n|\n|t:|1660149640\n|move|p1a: BlastFromDaPast|Brave Bird|p2a: Corviknight\n|-resisted|p2a: Corviknight\n|-damage|p2a: Corviknight|80\/100\n|-damage|p1a: BlastFromDaPast|73\/100|[from] Recoil\n|move|p2a: Corviknight|Substitute|p2a: Corviknight\n|-start|p2a: Corviknight|Substitute\n|-damage|p2a: Corviknight|55\/100\n|\n|-heal|p1a: BlastFromDaPast|79\/100|[from] item: Leftovers\n|-heal|p2a: Corviknight|61\/100|[from] item: Leftovers\n|upkeep\n|turn|155\n|c|\u2606Lenape|Gg\n|\n|t:|1660149647\n|switch|p1a: Rotom|Rotom-Wash|57\/100\n|-damage|p1a: Rotom|45\/100|[from] Stealth Rock\n|move|p2a: Corviknight|Roost|p2a: Corviknight\n|-heal|p2a: Corviknight|100\/100\n|-singleturn|p2a: Corviknight|move: Roost\n|\n|-heal|p1a: Rotom|51\/100|[from] item: Leftovers\n|upkeep\n|turn|156\n|\n|t:|1660149653\n|move|p1a: Rotom|Hydro Pump|p2a: Corviknight\n|-end|p2a: Corviknight|Substitute\n|move|p2a: Corviknight|Substitute|p2a: Corviknight\n|-start|p2a: Corviknight|Substitute\n|-damage|p2a: Corviknight|75\/100\n|\n|-heal|p1a: Rotom|57\/100|[from] item: Leftovers\n|-heal|p2a: Corviknight|82\/100|[from] item: Leftovers\n|upkeep\n|turn|157\n|\n|t:|1660149660\n|move|p1a: Rotom|Pain Split||[still]\n|-fail|p1a: Rotom\n|move|p2a: Corviknight|Substitute|p2a: Corviknight\n|-fail|p2a: Corviknight|move: Substitute\n|\n|-heal|p1a: Rotom|63\/100|[from] item: Leftovers\n|-heal|p2a: Corviknight|88\/100|[from] item: Leftovers\n|upkeep\n|turn|158\n|\n|t:|1660149666\n|move|p1a: Rotom|Volt Switch|p2a: Corviknight\n|-supereffective|p2a: Corviknight\n|-end|p2a: Corviknight|Substitute\n|\n|t:|1660149670\n|switch|p1a: BlastFromDaPast|Corviknight, M|79\/100|[from]move: Volt Switch\n|-damage|p1a: BlastFromDaPast|66\/100|[from] Stealth Rock\n|-ability|p1a: BlastFromDaPast|Pressure\n|move|p2a: Corviknight|Brave Bird|p1a: BlastFromDaPast\n|-resisted|p1a: BlastFromDaPast\n|-damage|p1a: BlastFromDaPast|4\/100\n|-damage|p2a: Corviknight|67\/100|[from] Recoil\n|\n|-heal|p1a: BlastFromDaPast|10\/100|[from] item: Leftovers\n|-heal|p2a: Corviknight|74\/100|[from] item: Leftovers\n|upkeep\n|turn|159\n|\n|t:|1660149672\n|move|p1a: BlastFromDaPast|Roost|p1a: BlastFromDaPast\n|-heal|p1a: BlastFromDaPast|60\/100\n|-singleturn|p1a: BlastFromDaPast|move: Roost\n|move|p2a: Corviknight|Substitute|p2a: Corviknight\n|-start|p2a: Corviknight|Substitute\n|-damage|p2a: Corviknight|49\/100\n|\n|-heal|p1a: BlastFromDaPast|66\/100|[from] item: Leftovers\n|-heal|p2a: Corviknight|55\/100|[from] item: Leftovers\n|upkeep\n|turn|160\n|\n|t:|1660149678\n|move|p1a: BlastFromDaPast|Bulk Up|p1a: BlastFromDaPast\n|-boost|p1a: BlastFromDaPast|atk|1\n|-boost|p1a: BlastFromDaPast|def|1\n|move|p2a: Corviknight|Roost|p2a: Corviknight\n|-heal|p2a: Corviknight|100\/100\n|-singleturn|p2a: Corviknight|move: Roost\n|\n|-heal|p1a: BlastFromDaPast|72\/100|[from] item: Leftovers\n|upkeep\n|turn|161\n|\n|t:|1660149683\n|move|p1a: BlastFromDaPast|Bulk Up|p1a: BlastFromDaPast\n|-boost|p1a: BlastFromDaPast|atk|1\n|-boost|p1a: BlastFromDaPast|def|1\n|move|p2a: Corviknight|Bulk Up|p2a: Corviknight\n|-boost|p2a: Corviknight|atk|1\n|-boost|p2a: Corviknight|def|1\n|\n|-heal|p1a: BlastFromDaPast|78\/100|[from] item: Leftovers\n|upkeep\n|turn|162\n|c|\u2606Lenape|I have way more pp\n|c|\u2606lt92pf cuzzie|gg\n|c| Yuipo|yes\n|-message|lt92pf cuzzie forfeited.\n|\n|win|Lenape\n|raw|lt92pf cuzzie's rating: 1802 &rarr; <strong>1782<\/strong><br \/>(-20 for losing)\n|raw|Lenape's rating: 1795 &rarr; <strong>1815<\/strong><br \/>(+20 for winning)\n|c| Yuipo|he has the pp\n|c|\u2606lt92pf cuzzie|lol\n|c|\u2606lt92pf cuzzie|next time\n|c|\u2606Lenape|Biggest PP here\n|l| Cramoraunt\n|c|\u2606Lenape|LOL\n|c| Yuipo|big pp energy\n|c|\u2606lt92pf cuzzie|i save my tran and win with that lol\n|c|\u2606lt92pf cuzzie|rhyp was gonna melt lol\n|c|\u2606Lenape|Trick early screwed that\n|c|\u2606lt92pf cuzzie|yea\n|l|\u2606lt92pf cuzzie\n|c| Yuipo|i have no pp\n|c| Yuipo|gamer girl moment\n|l| Yuipo\n||Ladder isn't responding, score probably updated but might not have (Request timeout).\n","uploadtime":1660149765,"views":114,"p1id":"lt92pfcuzzie","p2id":"lenape","formatid":"gen8ou","rating":1782,"private":0,"password":null}