{"id":"gen8ou-1617569017","p1":"Steelix Fusion","p2":"Starfire Scarlet","format":"gen8ou","log":"|j|\u2606Steelix Fusion\n|j|\u2606Starfire Scarlet\n|t:|1657852753\n|gametype|singles\n|player|p1|Steelix Fusion|marshal|1670\n|player|p2|Starfire Scarlet|winona-gen6|1782\n|teamsize|p1|6\n|teamsize|p2|6\n|gen|8\n|tier|[Gen 8] OU\n|rated|\n|rule|Sleep Clause Mod: Limit one foe put to sleep\n|rule|Species Clause: Limit one of each Pok\u00e9mon\n|rule|OHKO Clause: OHKO moves are banned\n|rule|Evasion Moves Clause: Evasion moves are banned\n|rule|Endless Battle Clause: Forcing endless battles is banned\n|rule|HP Percentage Mod: HP is shown in percentages\n|rule|Dynamax Clause: You cannot dynamax\n|clearpoke\n|poke|p1|Ninetales-Alola, F|\n|poke|p1|Klefki, M|\n|poke|p1|Scolipede, M|\n|poke|p1|Gyarados, M|\n|poke|p1|Garchomp, F|\n|poke|p1|Melmetal|\n|poke|p2|Heatran, M|\n|poke|p2|Rillaboom, M|\n|poke|p2|Hippowdon, M|\n|poke|p2|Toxapex, M|\n|poke|p2|Corviknight, M|\n|poke|p2|Dragapult, M|\n|teampreview\n|inactive|Battle timer is ON: inactive players will automatically lose when time's up. (requested by Steelix Fusion)\n|\n|t:|1657852776\n|start\n|switch|p1a: Klefki|Klefki, M, shiny|100\/100\n|switch|p2a: Dragapult|Dragapult, M|100\/100\n|turn|1\n|\n|t:|1657852783\n|switch|p2a: Hippowdon|Hippowdon, M|100\/100\n|-weather|Sandstorm|[from] ability: Sand Stream|[of] p2a: Hippowdon\n|move|p1a: Klefki|Reflect|p1a: Klefki\n|-sidestart|p1: Steelix Fusion|Reflect\n|\n|-weather|Sandstorm|[upkeep]\n|upkeep\n|turn|2\n|\n|t:|1657852789\n|switch|p1a: Ninetales|Ninetales-Alola, F|100\/100\n|-weather|Hail|[from] ability: Snow Warning|[of] p1a: Ninetales\n|move|p2a: Hippowdon|Earthquake|p1a: Ninetales\n|-damage|p1a: Ninetales|80\/100\n|\n|-weather|Hail|[upkeep]\n|-damage|p2a: Hippowdon|94\/100|[from] Hail\n|-heal|p2a: Hippowdon|100\/100|[from] item: Leftovers\n|upkeep\n|turn|3\n|\n|t:|1657852798\n|move|p1a: Ninetales|Encore|p2a: Hippowdon\n|-start|p2a: Hippowdon|Encore\n|move|p2a: Hippowdon|Earthquake|p1a: Ninetales\n|-damage|p1a: Ninetales|59\/100\n|\n|-weather|Hail|[upkeep]\n|-damage|p2a: Hippowdon|94\/100|[from] Hail\n|-heal|p2a: Hippowdon|100\/100|[from] item: Leftovers\n|upkeep\n|turn|4\n|\n|t:|1657852806\n|switch|p2a: Heatran|Heatran, M|100\/100\n|move|p1a: Ninetales|Aurora Veil|p1a: Ninetales\n|-sidestart|p1: Steelix Fusion|move: Aurora Veil\n|\n|-weather|Hail|[upkeep]\n|-damage|p2a: Heatran|94\/100|[from] Hail\n|-heal|p2a: Heatran|100\/100|[from] item: Leftovers\n|upkeep\n|turn|5\n|\n|t:|1657852814\n|move|p1a: Ninetales|Safeguard|p1a: Ninetales\n|-sidestart|p1: Steelix Fusion|Safeguard\n|move|p2a: Heatran|Taunt|p1a: Ninetales\n|-start|p1a: Ninetales|move: Taunt\n|\n|-weather|Hail|[upkeep]\n|-damage|p2a: Heatran|94\/100|[from] Hail\n|-heal|p2a: Heatran|100\/100|[from] item: Leftovers\n|upkeep\n|turn|6\n|\n|t:|1657852822\n|switch|p1a: Garchomp|Garchomp, F|100\/100\n|move|p2a: Heatran|Magma Storm|p1a: Garchomp\n|-resisted|p1a: Garchomp\n|-damage|p1a: Garchomp|87\/100\n|-activate|p1a: Garchomp|move: Magma Storm|[of] p2a: Heatran\n|\n|-weather|none\n|-damage|p1a: Garchomp|74\/100|[from] move: Magma Storm|[partiallytrapped]\n|upkeep\n|turn|7\n|\n|t:|1657852831\n|switch|p2a: Dragapult|Dragapult, M|100\/100\n|move|p1a: Garchomp|Swords Dance|p1a: Garchomp\n|-boost|p1a: Garchomp|atk|2\n|\n|-end|p1a: Garchomp|Magma Storm|[partiallytrapped]|[silent]\n|upkeep\n|turn|8\n|j| AlIout dragadarts\n|\n|t:|1657852839\n|switch|p1a: Klefki|Klefki, M, shiny|100\/100\n|move|p2a: Dragapult|Draco Meteor|p1a: Klefki\n|-immune|p1a: Klefki\n|\n|-sideend|p1: Steelix Fusion|Reflect\n|upkeep\n|turn|9\n|l| AlIout dragadarts\n|\n|t:|1657852846\n|switch|p2a: Heatran|Heatran, M|100\/100\n|switch|p1a: Garchomp|Garchomp, F|74\/100\n|\n|-sideend|p1: Steelix Fusion|Safeguard\n|upkeep\n|turn|10\n|\n|t:|1657852853\n|switch|p2a: Rillaboom|Rillaboom, M|100\/100\n|-fieldstart|move: Grassy Terrain|[from] ability: Grassy Surge|[of] p2a: Rillaboom\n|move|p1a: Garchomp|Swords Dance|p1a: Garchomp\n|-boost|p1a: Garchomp|atk|2\n|\n|-heal|p1a: Garchomp|81\/100|[from] Grassy Terrain\n|upkeep\n|turn|11\n|\n|t:|1657852861\n|move|p1a: Garchomp|Fire Fang|p2a: Rillaboom\n|-supereffective|p2a: Rillaboom\n|-damage|p2a: Rillaboom|0 fnt\n|faint|p2a: Rillaboom\n|-damage|p1a: Garchomp|71\/100|[from] item: Life Orb\n|\n|-heal|p1a: Garchomp|77\/100|[from] Grassy Terrain\n|-sideend|p1: Steelix Fusion|move: Aurora Veil\n|upkeep\n|\n|t:|1657852865\n|switch|p2a: Dragapult|Dragapult, M|100\/100\n|turn|12\n|\n|t:|1657852870\n|move|p2a: Dragapult|Shadow Ball|p1a: Garchomp\n|-damage|p1a: Garchomp|25\/100\n|move|p1a: Garchomp|Scale Shot|p2a: Dragapult\n|-supereffective|p2a: Dragapult\n|-crit|p2a: Dragapult\n|-damage|p2a: Dragapult|0 fnt\n|faint|p2a: Dragapult\n|-hitcount|p2: Dragapult|1\n|-unboost|p1a: Garchomp|def|1\n|-boost|p1a: Garchomp|spe|1\n|-damage|p1a: Garchomp|15\/100|[from] item: Life Orb\n|\n|-heal|p1a: Garchomp|21\/100|[from] Grassy Terrain\n|upkeep\n|\n|t:|1657852880\n|switch|p2a: Corviknight|Corviknight, M|100\/100\n|-ability|p2a: Corviknight|Pressure\n|turn|13\n|\n|t:|1657852885\n|move|p1a: Garchomp|Fire Fang|p2a: Corviknight\n|-supereffective|p2a: Corviknight\n|-damage|p2a: Corviknight|23\/100\n|-damage|p1a: Garchomp|4\/100|[from] item: Rocky Helmet|[of] p2a: Corviknight\n|-damage|p1a: Garchomp|0 fnt|[from] item: Life Orb\n|faint|p1a: Garchomp\n|move|p2a: Corviknight|Roost|p2a: Corviknight\n|-heal|p2a: Corviknight|73\/100\n|-singleturn|p2a: Corviknight|move: Roost\n|\n|-heal|p2a: Corviknight|79\/100|[from] Grassy Terrain\n|upkeep\n|\n|t:|1657852901\n|switch|p1a: Gyarados|Gyarados, M, shiny|100\/100\n|turn|14\n|\n|t:|1657852905\n|move|p1a: Gyarados|Dragon Dance|p1a: Gyarados\n|-boost|p1a: Gyarados|atk|1\n|-boost|p1a: Gyarados|spe|1\n|move|p2a: Corviknight|U-turn|p1a: Gyarados\n|-resisted|p1a: Gyarados\n|-damage|p1a: Gyarados|91\/100\n|\n|t:|1657852906\n|switch|p2a: Toxapex|Toxapex, M|100\/100|[from]move: U-turn\n|\n|-heal|p1a: Gyarados|97\/100|[from] item: Leftovers\n|-fieldend|move: Grassy Terrain\n|upkeep\n|turn|15\n|\n|t:|1657852914\n|move|p1a: Gyarados|Bounce||[still]\n|-prepare|p1a: Gyarados|Bounce\n|move|p2a: Toxapex|Haze|p2a: Toxapex\n|-clearallboost\n|\n|-heal|p1a: Gyarados|100\/100|[from] item: Leftovers\n|upkeep\n|turn|16\n|\n|t:|1657852919\n|move|p1a: Gyarados|Bounce|p2a: Toxapex|[from]lockedmove\n|-damage|p2a: Toxapex|72\/100\n|move|p2a: Toxapex|Scald|p1a: Gyarados\n|-resisted|p1a: Gyarados\n|-crit|p1a: Gyarados\n|-damage|p1a: Gyarados|89\/100\n|\n|-heal|p1a: Gyarados|95\/100|[from] item: Leftovers\n|upkeep\n|turn|17\n|\n|t:|1657852927\n|move|p1a: Gyarados|Bounce||[still]\n|-prepare|p1a: Gyarados|Bounce\n|move|p2a: Toxapex|Scald|p1a: Gyarados|[miss]\n|-miss|p2a: Toxapex|p1a: Gyarados\n|\n|-heal|p1a: Gyarados|100\/100|[from] item: Leftovers\n|upkeep\n|turn|18\n|\n|t:|1657852933\n|move|p1a: Gyarados|Bounce|p2a: Toxapex|[from]lockedmove\n|-damage|p2a: Toxapex|45\/100\n|move|p2a: Toxapex|Recover|p2a: Toxapex\n|-heal|p2a: Toxapex|96\/100\n|\n|upkeep\n|turn|19\n|\n|t:|1657852938\n|move|p1a: Gyarados|Bounce||[still]\n|-prepare|p1a: Gyarados|Bounce\n|move|p2a: Toxapex|Scald|p1a: Gyarados|[miss]\n|-miss|p2a: Toxapex|p1a: Gyarados\n|\n|upkeep\n|turn|20\n|\n|t:|1657852942\n|move|p1a: Gyarados|Bounce|p2a: Toxapex|[from]lockedmove|[miss]\n|-miss|p1a: Gyarados|p2a: Toxapex\n|move|p2a: Toxapex|Scald|p1a: Gyarados\n|-resisted|p1a: Gyarados\n|-damage|p1a: Gyarados|93\/100\n|-status|p1a: Gyarados|brn\n|\n|-heal|p1a: Gyarados|99\/100 brn|[from] item: Leftovers\n|-damage|p1a: Gyarados|93\/100 brn|[from] brn\n|upkeep\n|turn|21\n|c|\u2606Steelix Fusion|lmao\n|c|\u2606Steelix Fusion|2 hits\n|c|\u2606Steelix Fusion|burn\n|c|\u2606Steelix Fusion|2 hits\n|c|\u2606Steelix Fusion|bounce\n|c|\u2606Steelix Fusion|no para\n|\n|t:|1657852956\n|move|p1a: Gyarados|Bounce||[still]\n|-prepare|p1a: Gyarados|Bounce\n|move|p2a: Toxapex|Toxic Spikes|p1a: Gyarados\n|-sidestart|p1: Steelix Fusion|move: Toxic Spikes\n|\n|-heal|p1a: Gyarados|99\/100 brn|[from] item: Leftovers\n|-damage|p1a: Gyarados|93\/100 brn|[from] brn\n|upkeep\n|turn|22\n|c|\u2606Starfire Scarlet|dude\n|c|\u2606Starfire Scarlet|listing it out to make it sound like hax\n|c|\u2606Starfire Scarlet|like\n|c|\u2606Steelix Fusion|lkmao\n|c|\u2606Starfire Scarlet|ur not getting lucked\n|c|\u2606Starfire Scarlet|relax\n|c|\u2606Steelix Fusion|sad\n|\n|t:|1657852977\n|move|p1a: Gyarados|Bounce|p2a: Toxapex|[from]lockedmove\n|-damage|p2a: Toxapex|82\/100\n|-status|p2a: Toxapex|par\n|move|p2a: Toxapex|Scald|p1a: Gyarados\n|-resisted|p1a: Gyarados\n|-damage|p1a: Gyarados|85\/100 brn\n|\n|-heal|p1a: Gyarados|91\/100 brn|[from] item: Leftovers\n|-damage|p1a: Gyarados|85\/100 brn|[from] brn\n|upkeep\n|turn|23\n|c|\u2606Steelix Fusion|what luck\n|c|\u2606Steelix Fusion|have i had\n|\n|t:|1657852986\n|switch|p2a: Corviknight|Corviknight, M|79\/100\n|-ability|p2a: Corviknight|Pressure\n|move|p1a: Gyarados|Dragon Dance|p1a: Gyarados\n|-boost|p1a: Gyarados|atk|1\n|-boost|p1a: Gyarados|spe|1\n|\n|-heal|p1a: Gyarados|91\/100 brn|[from] item: Leftovers\n|-damage|p1a: Gyarados|85\/100 brn|[from] brn\n|upkeep\n|turn|24\n|\n|t:|1657852995\n|move|p1a: Gyarados|Dragon Dance|p1a: Gyarados\n|-boost|p1a: Gyarados|atk|1\n|-boost|p1a: Gyarados|spe|1\n|move|p2a: Corviknight|Roost|p2a: Corviknight\n|-heal|p2a: Corviknight|100\/100\n|-singleturn|p2a: Corviknight|move: Roost\n|\n|-heal|p1a: Gyarados|91\/100 brn|[from] item: Leftovers\n|-damage|p1a: Gyarados|85\/100 brn|[from] brn\n|upkeep\n|turn|25\n|\n|t:|1657853004\n|move|p1a: Gyarados|Dragon Dance|p1a: Gyarados\n|-boost|p1a: Gyarados|atk|1\n|-boost|p1a: Gyarados|spe|1\n|move|p2a: Corviknight|U-turn|p1a: Gyarados\n|-resisted|p1a: Gyarados\n|-damage|p1a: Gyarados|77\/100 brn\n|\n|t:|1657853005\n|switch|p2a: Toxapex|Toxapex, M|100\/100 par|[from]move: U-turn\n|\n|-heal|p1a: Gyarados|83\/100 brn|[from] item: Leftovers\n|-damage|p1a: Gyarados|77\/100 brn|[from] brn\n|upkeep\n|turn|26\n|\n|t:|1657853013\n|move|p1a: Gyarados|Waterfall|p2a: Toxapex\n|-resisted|p2a: Toxapex\n|-damage|p2a: Toxapex|83\/100 par\n|move|p2a: Toxapex|Haze|p2a: Toxapex\n|-clearallboost\n|\n|-heal|p1a: Gyarados|83\/100 brn|[from] item: Leftovers\n|-damage|p1a: Gyarados|77\/100 brn|[from] brn\n|upkeep\n|turn|27\n|c|\u2606Steelix Fusion|LMAO\n|\n|t:|1657853021\n|move|p1a: Gyarados|Dragon Dance|p1a: Gyarados\n|-boost|p1a: Gyarados|atk|1\n|-boost|p1a: Gyarados|spe|1\n|move|p2a: Toxapex|Scald|p1a: Gyarados\n|-resisted|p1a: Gyarados\n|-damage|p1a: Gyarados|69\/100 brn\n|\n|-heal|p1a: Gyarados|75\/100 brn|[from] item: Leftovers\n|-damage|p1a: Gyarados|69\/100 brn|[from] brn\n|upkeep\n|turn|28\n|\n|t:|1657853030\n|move|p1a: Gyarados|Waterfall|p2a: Toxapex\n|-resisted|p2a: Toxapex\n|-damage|p2a: Toxapex|74\/100 par\n|move|p2a: Toxapex|Haze|p2a: Toxapex\n|-clearallboost\n|\n|-heal|p1a: Gyarados|75\/100 brn|[from] item: Leftovers\n|-damage|p1a: Gyarados|69\/100 brn|[from] brn\n|upkeep\n|turn|29\n|c|\u2606Steelix Fusion|LKMFAO\n|\n|t:|1657853038\n|move|p1a: Gyarados|Dragon Dance|p1a: Gyarados\n|-boost|p1a: Gyarados|atk|1\n|-boost|p1a: Gyarados|spe|1\n|move|p2a: Toxapex|Scald|p1a: Gyarados\n|-resisted|p1a: Gyarados\n|-damage|p1a: Gyarados|61\/100 brn\n|\n|-heal|p1a: Gyarados|67\/100 brn|[from] item: Leftovers\n|-damage|p1a: Gyarados|61\/100 brn|[from] brn\n|upkeep\n|turn|30\n|\n|t:|1657853046\n|move|p1a: Gyarados|Waterfall|p2a: Toxapex\n|-resisted|p2a: Toxapex\n|-damage|p2a: Toxapex|64\/100 par\n|move|p2a: Toxapex|Haze|p2a: Toxapex\n|-clearallboost\n|\n|-heal|p1a: Gyarados|67\/100 brn|[from] item: Leftovers\n|-damage|p1a: Gyarados|61\/100 brn|[from] brn\n|upkeep\n|turn|31\n|c|\u2606Steelix Fusion|wow\n|\n|t:|1657853055\n|move|p1a: Gyarados|Dragon Dance|p1a: Gyarados\n|-boost|p1a: Gyarados|atk|1\n|-boost|p1a: Gyarados|spe|1\n|move|p2a: Toxapex|Recover|p2a: Toxapex\n|-heal|p2a: Toxapex|100\/100 par\n|\n|-heal|p1a: Gyarados|67\/100 brn|[from] item: Leftovers\n|-damage|p1a: Gyarados|61\/100 brn|[from] brn\n|upkeep\n|turn|32\n|c|\u2606Starfire Scarlet|yeah man if u flinched those u won\n|c|\u2606Starfire Scarlet|my bad\n|\n|t:|1657853064\n|move|p1a: Gyarados|Waterfall|p2a: Toxapex\n|-resisted|p2a: Toxapex\n|-damage|p2a: Toxapex|91\/100 par\n|move|p2a: Toxapex|Scald|p1a: Gyarados\n|-resisted|p1a: Gyarados\n|-damage|p1a: Gyarados|52\/100 brn\n|\n|-heal|p1a: Gyarados|59\/100 brn|[from] item: Leftovers\n|-damage|p1a: Gyarados|52\/100 brn|[from] brn\n|upkeep\n|turn|33\n|c|\u2606Steelix Fusion|insane\n|c|\u2606Steelix Fusion|no para\n|c|\u2606Steelix Fusion|no flinch\n|\n|t:|1657853073\n|move|p1a: Gyarados|Dragon Dance|p1a: Gyarados\n|-boost|p1a: Gyarados|atk|1\n|-boost|p1a: Gyarados|spe|1\n|move|p2a: Toxapex|Haze|p2a: Toxapex\n|-clearallboost\n|\n|-heal|p1a: Gyarados|59\/100 brn|[from] item: Leftovers\n|-damage|p1a: Gyarados|52\/100 brn|[from] brn\n|upkeep\n|turn|34\n|c|\u2606Starfire Scarlet|game changing\n|c|\u2606Steelix Fusion|incredible shit luck\n|\n|t:|1657853081\n|move|p1a: Gyarados|Dragon Dance|p1a: Gyarados\n|-boost|p1a: Gyarados|atk|1\n|-boost|p1a: Gyarados|spe|1\n|cant|p2a: Toxapex|par\n|\n|-heal|p1a: Gyarados|59\/100 brn|[from] item: Leftovers\n|-damage|p1a: Gyarados|52\/100 brn|[from] brn\n|upkeep\n|turn|35\n|\n|t:|1657853088\n|move|p1a: Gyarados|Waterfall|p2a: Toxapex\n|-resisted|p2a: Toxapex\n|-damage|p2a: Toxapex|82\/100 par\n|cant|p2a: Toxapex|par\n|\n|-heal|p1a: Gyarados|59\/100 brn|[from] item: Leftovers\n|-damage|p1a: Gyarados|52\/100 brn|[from] brn\n|upkeep\n|turn|36\n|\n|t:|1657853096\n|move|p1a: Gyarados|Waterfall|p2a: Toxapex\n|-resisted|p2a: Toxapex\n|-damage|p2a: Toxapex|72\/100 par\n|cant|p2a: Toxapex|par\n|\n|-heal|p1a: Gyarados|59\/100 brn|[from] item: Leftovers\n|-damage|p1a: Gyarados|52\/100 brn|[from] brn\n|upkeep\n|turn|37\n|c|\u2606Steelix Fusion|yeah\n|\n|t:|1657853103\n|move|p1a: Gyarados|Waterfall|p2a: Toxapex\n|-resisted|p2a: Toxapex\n|-damage|p2a: Toxapex|63\/100 par\n|move|p2a: Toxapex|Haze|p2a: Toxapex\n|-clearallboost\n|\n|-heal|p1a: Gyarados|59\/100 brn|[from] item: Leftovers\n|-damage|p1a: Gyarados|52\/100 brn|[from] brn\n|upkeep\n|turn|38\n|c|\u2606Steelix Fusion|haha\n|c|\u2606Starfire Scarlet|crazy\n|\n|t:|1657853112\n|move|p1a: Gyarados|Dragon Dance|p1a: Gyarados\n|-boost|p1a: Gyarados|atk|1\n|-boost|p1a: Gyarados|spe|1\n|move|p2a: Toxapex|Recover|p2a: Toxapex\n|-heal|p2a: Toxapex|100\/100 par\n|\n|-heal|p1a: Gyarados|59\/100 brn|[from] item: Leftovers\n|-damage|p1a: Gyarados|52\/100 brn|[from] brn\n|upkeep\n|turn|39\n|\n|t:|1657853120\n|move|p1a: Gyarados|Waterfall|p2a: Toxapex\n|-resisted|p2a: Toxapex\n|-damage|p2a: Toxapex|91\/100 par\n|move|p2a: Toxapex|Scald|p1a: Gyarados\n|-resisted|p1a: Gyarados\n|-damage|p1a: Gyarados|45\/100 brn\n|\n|-heal|p1a: Gyarados|51\/100 brn|[from] item: Leftovers\n|-damage|p1a: Gyarados|45\/100 brn|[from] brn\n|upkeep\n|turn|40\n|\n|t:|1657853131\n|move|p1a: Gyarados|Dragon Dance|p1a: Gyarados\n|-boost|p1a: Gyarados|atk|1\n|-boost|p1a: Gyarados|spe|1\n|move|p2a: Toxapex|Scald|p1a: Gyarados\n|-resisted|p1a: Gyarados\n|-damage|p1a: Gyarados|37\/100 brn\n|\n|-heal|p1a: Gyarados|43\/100 brn|[from] item: Leftovers\n|-damage|p1a: Gyarados|37\/100 brn|[from] brn\n|upkeep\n|turn|41\n|\n|t:|1657853139\n|move|p1a: Gyarados|Waterfall|p2a: Toxapex\n|-resisted|p2a: Toxapex\n|-damage|p2a: Toxapex|78\/100 par\n|move|p2a: Toxapex|Haze|p2a: Toxapex\n|-clearallboost\n|\n|-heal|p1a: Gyarados|43\/100 brn|[from] item: Leftovers\n|-damage|p1a: Gyarados|37\/100 brn|[from] brn\n|upkeep\n|turn|42\n|c|\u2606Steelix Fusion|;ma\n|\n|t:|1657853147\n|move|p1a: Gyarados|Dragon Dance|p1a: Gyarados\n|-boost|p1a: Gyarados|atk|1\n|-boost|p1a: Gyarados|spe|1\n|cant|p2a: Toxapex|par\n|\n|-heal|p1a: Gyarados|43\/100 brn|[from] item: Leftovers\n|-damage|p1a: Gyarados|37\/100 brn|[from] brn\n|upkeep\n|turn|43\n|c|\u2606Steelix Fusion|funny af\n|\n|t:|1657853158\n|move|p1a: Gyarados|Dragon Dance|p1a: Gyarados\n|-boost|p1a: Gyarados|atk|1\n|-boost|p1a: Gyarados|spe|1\n|move|p2a: Toxapex|Haze|p2a: Toxapex\n|-clearallboost\n|\n|-heal|p1a: Gyarados|43\/100 brn|[from] item: Leftovers\n|-damage|p1a: Gyarados|37\/100 brn|[from] brn\n|upkeep\n|turn|44\n|\n|t:|1657853166\n|move|p1a: Gyarados|Dragon Dance|p1a: Gyarados\n|-boost|p1a: Gyarados|atk|1\n|-boost|p1a: Gyarados|spe|1\n|move|p2a: Toxapex|Scald|p1a: Gyarados\n|-resisted|p1a: Gyarados\n|-damage|p1a: Gyarados|30\/100 brn\n|\n|-heal|p1a: Gyarados|36\/100 brn|[from] item: Leftovers\n|-damage|p1a: Gyarados|30\/100 brn|[from] brn\n|upkeep\n|turn|45\n|j| CB Bhris Breezy\n|\n|t:|1657853174\n|move|p1a: Gyarados|Waterfall|p2a: Toxapex\n|-resisted|p2a: Toxapex\n|-damage|p2a: Toxapex|68\/100 par\n|move|p2a: Toxapex|Haze|p2a: Toxapex\n|-clearallboost\n|\n|-heal|p1a: Gyarados|36\/100 brn|[from] item: Leftovers\n|-damage|p1a: Gyarados|30\/100 brn|[from] brn\n|upkeep\n|turn|46\n|\n|t:|1657853182\n|move|p1a: Gyarados|Dragon Dance|p1a: Gyarados\n|-boost|p1a: Gyarados|atk|1\n|-boost|p1a: Gyarados|spe|1\n|move|p2a: Toxapex|Recover|p2a: Toxapex\n|-heal|p2a: Toxapex|100\/100 par\n|\n|-heal|p1a: Gyarados|36\/100 brn|[from] item: Leftovers\n|-damage|p1a: Gyarados|30\/100 brn|[from] brn\n|upkeep\n|turn|47\n|\n|t:|1657853191\n|move|p1a: Gyarados|Dragon Dance|p1a: Gyarados\n|-boost|p1a: Gyarados|atk|1\n|-boost|p1a: Gyarados|spe|1\n|move|p2a: Toxapex|Scald|p1a: Gyarados\n|-resisted|p1a: Gyarados\n|-damage|p1a: Gyarados|22\/100 brn\n|\n|-heal|p1a: Gyarados|28\/100 brn|[from] item: Leftovers\n|-damage|p1a: Gyarados|22\/100 brn|[from] brn\n|upkeep\n|turn|48\n|\n|t:|1657853200\n|move|p1a: Gyarados|Waterfall|p2a: Toxapex\n|-resisted|p2a: Toxapex\n|-damage|p2a: Toxapex|87\/100 par\n|cant|p2a: Toxapex|par\n|\n|-heal|p1a: Gyarados|28\/100 brn|[from] item: Leftovers\n|-damage|p1a: Gyarados|22\/100 brn|[from] brn\n|upkeep\n|turn|49\n|\n|t:|1657853207\n|move|p1a: Gyarados|Waterfall|p2a: Toxapex\n|-resisted|p2a: Toxapex\n|-damage|p2a: Toxapex|74\/100 par\n|move|p2a: Toxapex|Haze|p2a: Toxapex\n|-clearallboost\n|\n|-heal|p1a: Gyarados|28\/100 brn|[from] item: Leftovers\n|-damage|p1a: Gyarados|22\/100 brn|[from] brn\n|upkeep\n|turn|50\n|\n|t:|1657853215\n|switch|p2a: Corviknight|Corviknight, M|100\/100\n|-ability|p2a: Corviknight|Pressure\n|move|p1a: Gyarados|Dragon Dance|p1a: Gyarados\n|-boost|p1a: Gyarados|atk|1\n|-boost|p1a: Gyarados|spe|1\n|\n|-heal|p1a: Gyarados|28\/100 brn|[from] item: Leftovers\n|-damage|p1a: Gyarados|22\/100 brn|[from] brn\n|upkeep\n|turn|51\n|\n|t:|1657853224\n|move|p1a: Gyarados|Dragon Dance|p1a: Gyarados\n|-boost|p1a: Gyarados|atk|1\n|-boost|p1a: Gyarados|spe|1\n|move|p2a: Corviknight|Body Press|p1a: Gyarados\n|-resisted|p1a: Gyarados\n|-damage|p1a: Gyarados|6\/100 brn\n|\n|-heal|p1a: Gyarados|12\/100 brn|[from] item: Leftovers\n|-damage|p1a: Gyarados|6\/100 brn|[from] brn\n|upkeep\n|turn|52\n|\n|t:|1657853232\n|move|p1a: Gyarados|Bounce||[still]\n|-prepare|p1a: Gyarados|Bounce\n|move|p2a: Corviknight|Roost||[still]\n|-fail|p2a: Corviknight|heal\n|\n|-heal|p1a: Gyarados|12\/100 brn|[from] item: Leftovers\n|-damage|p1a: Gyarados|6\/100 brn|[from] brn\n|upkeep\n|turn|53\n|c|\u2606Steelix Fusion|lets para\n|j| yyds1111\n|j| LT_Alt1\n|c|\u2606Steelix Fusion|this cuck too\n|\n|t:|1657853242\n|move|p1a: Gyarados|Bounce|p2a: Corviknight|[from]lockedmove\n|-resisted|p2a: Corviknight\n|-damage|p2a: Corviknight|87\/100\n|-status|p2a: Corviknight|par\n|-damage|p1a: Gyarados|0 fnt|[from] item: Rocky Helmet|[of] p2a: Corviknight\n|faint|p1a: Gyarados\n|move|p2a: Corviknight|Roost|p2a: Corviknight\n|-heal|p2a: Corviknight|100\/100 par\n|-singleturn|p2a: Corviknight|move: Roost\n|\n|upkeep\n|c|\u2606Steelix Fusion|YEAH\n|c|\u2606Steelix Fusion|lmfao\n|c|\u2606Starfire Scarlet|gj lil bro\n|\n|t:|1657853264\n|switch|p1a: Scolipede|Scolipede, M|100\/100\n|-sideend|p1: Steelix Fusion|move: Toxic Spikes|[of] p1a: Scolipede\n|turn|54\n|\n|t:|1657853267\n|switch|p2a: Hippowdon|Hippowdon, M|100\/100\n|-weather|Sandstorm|[from] ability: Sand Stream|[of] p2a: Hippowdon\n|move|p1a: Scolipede|Swords Dance|p1a: Scolipede\n|-boost|p1a: Scolipede|atk|2\n|\n|-weather|Sandstorm|[upkeep]\n|-damage|p1a: Scolipede|94\/100|[from] Sandstorm\n|-ability|p1a: Scolipede|Speed Boost|boost\n|-boost|p1a: Scolipede|spe|1\n|upkeep\n|turn|55\n|\n|t:|1657853276\n|move|p1a: Scolipede|Swords Dance|p1a: Scolipede\n|-boost|p1a: Scolipede|atk|2\n|move|p2a: Hippowdon|Earthquake|p1a: Scolipede\n|-damage|p1a: Scolipede|48\/100\n|\n|-weather|Sandstorm|[upkeep]\n|-damage|p1a: Scolipede|42\/100|[from] Sandstorm\n|-ability|p1a: Scolipede|Speed Boost|boost\n|-boost|p1a: Scolipede|spe|1\n|upkeep\n|turn|56\n|\n|t:|1657853284\n|switch|p2a: Corviknight|Corviknight, M|100\/100 par\n|-ability|p2a: Corviknight|Pressure\n|move|p1a: Scolipede|Aqua Tail|p2a: Corviknight\n|-damage|p2a: Corviknight|37\/100 par\n|-damage|p1a: Scolipede|26\/100|[from] item: Rocky Helmet|[of] p2a: Corviknight\n|-damage|p1a: Scolipede|16\/100|[from] item: Life Orb\n|\n|-weather|Sandstorm|[upkeep]\n|-damage|p1a: Scolipede|10\/100|[from] Sandstorm\n|-ability|p1a: Scolipede|Speed Boost|boost\n|-boost|p1a: Scolipede|spe|1\n|upkeep\n|turn|57\n|\n|t:|1657853296\n|move|p1a: Scolipede|Aqua Tail|p2a: Corviknight\n|-damage|p2a: Corviknight|0 fnt\n|-damage|p1a: Scolipede|0 fnt|[from] item: Rocky Helmet|[of] p2a: Corviknight\n|faint|p2a: Corviknight\n|faint|p1a: Scolipede\n|\n|-weather|Sandstorm|[upkeep]\n|upkeep\n|\n|t:|1657853303\n|switch|p1a: Klefki|Klefki, M, shiny|100\/100\n|switch|p2a: Heatran|Heatran, M|100\/100\n|turn|58\n|\n|t:|1657853306\n|move|p1a: Klefki|Thunder Wave|p2a: Heatran\n|-status|p2a: Heatran|par\n|cant|p2a: Heatran|par\n|\n|-weather|none\n|upkeep\n|turn|59\n|\n|t:|1657853311\n|move|p1a: Klefki|Light Screen|p1a: Klefki\n|-sidestart|p1: Steelix Fusion|move: Light Screen\n|cant|p2a: Heatran|par\n|\n|upkeep\n|turn|60\n|\n|t:|1657853315\n|move|p1a: Klefki|Reflect|p1a: Klefki\n|-sidestart|p1: Steelix Fusion|Reflect\n|move|p2a: Heatran|Magma Storm|p1a: Klefki\n|-supereffective|p1a: Klefki\n|-damage|p1a: Klefki|43\/100\n|-activate|p1a: Klefki|move: Magma Storm|[of] p2a: Heatran\n|\n|-damage|p1a: Klefki|30\/100|[from] move: Magma Storm|[partiallytrapped]\n|upkeep\n|turn|61\n|\n|t:|1657853321\n|move|p1a: Klefki|Defog|p2a: Heatran\n|-unboost|p2a: Heatran|evasion|1\n|move|p2a: Heatran|Earth Power|p1a: Klefki\n|-supereffective|p1a: Klefki\n|-damage|p1a: Klefki|0 fnt\n|faint|p1a: Klefki\n|\n|upkeep\n|\n|t:|1657853327\n|switch|p1a: Melmetal|Melmetal|100\/100\n|turn|62\n|l| yyds1111\n|\n|t:|1657853330\n|move|p2a: Heatran|Magma Storm|p1a: Melmetal\n|-supereffective|p1a: Melmetal\n|-damage|p1a: Melmetal|57\/100\n|-activate|p1a: Melmetal|move: Magma Storm|[of] p2a: Heatran\n|move|p1a: Melmetal|Substitute|p1a: Melmetal\n|-start|p1a: Melmetal|Substitute\n|-end|p1a: Melmetal|Magma Storm|[partiallytrapped]|[silent]\n|-damage|p1a: Melmetal|32\/100\n|\n|-heal|p1a: Melmetal|38\/100|[from] item: Leftovers\n|upkeep\n|turn|63\n|j| yyds1111\n|\n|t:|1657853338\n|cant|p2a: Heatran|par\n|move|p1a: Melmetal|Acid Armor|p1a: Melmetal\n|-boost|p1a: Melmetal|def|2\n|\n|-heal|p1a: Melmetal|45\/100|[from] item: Leftovers\n|upkeep\n|turn|64\n|\n|t:|1657853344\n|move|p2a: Heatran|Earth Power|p1a: Melmetal\n|-supereffective|p1a: Melmetal\n|-end|p1a: Melmetal|Substitute\n|move|p1a: Melmetal|Body Press|p2a: Heatran\n|-supereffective|p2a: Heatran\n|-damage|p2a: Heatran|0 fnt\n|faint|p2a: Heatran\n|\n|-heal|p1a: Melmetal|51\/100|[from] item: Leftovers\n|upkeep\n|\n|t:|1657853346\n|switch|p2a: Toxapex|Toxapex, M|100\/100 par\n|turn|65\n|j| BabyPigsAreLaughin\n|\n|t:|1657853353\n|move|p1a: Melmetal|Substitute|p1a: Melmetal\n|-start|p1a: Melmetal|Substitute\n|-damage|p1a: Melmetal|26\/100\n|move|p2a: Toxapex|Scald|p1a: Melmetal\n|-activate|p1a: Melmetal|move: Substitute|[damage]\n|\n|-heal|p1a: Melmetal|32\/100|[from] item: Leftovers\n|upkeep\n|turn|66\n|c| BabyPigsAreLaughin|Brother!\n|\n|t:|1657853361\n|move|p1a: Melmetal|Double Iron Bash|p2a: Toxapex\n|-resisted|p2a: Toxapex\n|-damage|p2a: Toxapex|89\/100 par\n|-resisted|p2a: Toxapex\n|-damage|p2a: Toxapex|78\/100 par\n|-hitcount|p2a: Toxapex|2\n|cant|p2a: Toxapex|flinch\n|\n|-heal|p1a: Melmetal|38\/100|[from] item: Leftovers\n|-sideend|p1: Steelix Fusion|move: Light Screen\n|upkeep\n|turn|67\n|\n|t:|1657853369\n|move|p1a: Melmetal|Double Iron Bash|p2a: Toxapex\n|-resisted|p2a: Toxapex\n|-damage|p2a: Toxapex|66\/100 par\n|-resisted|p2a: Toxapex\n|-damage|p2a: Toxapex|54\/100 par\n|-hitcount|p2a: Toxapex|2\n|cant|p2a: Toxapex|flinch\n|\n|-heal|p1a: Melmetal|44\/100|[from] item: Leftovers\n|-sideend|p1: Steelix Fusion|Reflect\n|upkeep\n|turn|68\n|\n|t:|1657853378\n|move|p1a: Melmetal|Double Iron Bash|p2a: Toxapex\n|-resisted|p2a: Toxapex\n|-damage|p2a: Toxapex|41\/100 par\n|-resisted|p2a: Toxapex\n|-damage|p2a: Toxapex|29\/100 par\n|-hitcount|p2a: Toxapex|2\n|move|p2a: Toxapex|Recover|p2a: Toxapex\n|-heal|p2a: Toxapex|79\/100 par\n|\n|-heal|p1a: Melmetal|50\/100|[from] item: Leftovers\n|upkeep\n|turn|69\n|\n|t:|1657853389\n|move|p1a: Melmetal|Acid Armor|p1a: Melmetal\n|-boost|p1a: Melmetal|def|2\n|move|p2a: Toxapex|Toxic Spikes|p1a: Melmetal\n|-sidestart|p1: Steelix Fusion|move: Toxic Spikes\n|\n|-heal|p1a: Melmetal|56\/100|[from] item: Leftovers\n|upkeep\n|turn|70\n|\n|t:|1657853395\n|move|p1a: Melmetal|Double Iron Bash|p2a: Toxapex\n|-resisted|p2a: Toxapex\n|-damage|p2a: Toxapex|68\/100 par\n|-resisted|p2a: Toxapex\n|-damage|p2a: Toxapex|56\/100 par\n|-hitcount|p2a: Toxapex|2\n|move|p2a: Toxapex|Haze|p2a: Toxapex\n|-clearallboost\n|\n|-heal|p1a: Melmetal|62\/100|[from] item: Leftovers\n|upkeep\n|turn|71\n|\n|t:|1657853404\n|move|p1a: Melmetal|Double Iron Bash|p2a: Toxapex\n|-resisted|p2a: Toxapex\n|-damage|p2a: Toxapex|44\/100 par\n|-resisted|p2a: Toxapex\n|-crit|p2a: Toxapex\n|-damage|p2a: Toxapex|24\/100 par\n|-hitcount|p2a: Toxapex|2\n|move|p2a: Toxapex|Recover|p2a: Toxapex\n|-heal|p2a: Toxapex|74\/100 par\n|\n|-heal|p1a: Melmetal|68\/100|[from] item: Leftovers\n|upkeep\n|turn|72\n|c|\u2606Steelix Fusion|WTF\n|c|\u2606Steelix Fusion|ODDS IS THIS?\n|\n|t:|1657853418\n|move|p1a: Melmetal|Acid Armor|p1a: Melmetal\n|-boost|p1a: Melmetal|def|2\n|move|p2a: Toxapex|Scald|p1a: Melmetal\n|-activate|p1a: Melmetal|move: Substitute|[damage]\n|\n|-heal|p1a: Melmetal|74\/100|[from] item: Leftovers\n|upkeep\n|turn|73\n|l| yyds1111\n|c|\u2606Starfire Scarlet|very normal\n|\n|t:|1657853425\n|move|p1a: Melmetal|Acid Armor|p1a: Melmetal\n|-boost|p1a: Melmetal|def|2\n|move|p2a: Toxapex|Haze|p2a: Toxapex\n|-clearallboost\n|\n|-heal|p1a: Melmetal|81\/100|[from] item: Leftovers\n|upkeep\n|turn|74\n|c| BabyPigsAreLaughin|Yeah, I know, bro.\n|c| CB Bhris Breezy|steelix you gotta send this boi mel into the weight room mans doing no damage\n|\n|t:|1657853432\n|move|p1a: Melmetal|Double Iron Bash|p2a: Toxapex\n|-resisted|p2a: Toxapex\n|-damage|p2a: Toxapex|61\/100 par\n|-resisted|p2a: Toxapex\n|-damage|p2a: Toxapex|49\/100 par\n|-hitcount|p2a: Toxapex|2\n|cant|p2a: Toxapex|flinch\n|\n|-heal|p1a: Melmetal|87\/100|[from] item: Leftovers\n|upkeep\n|turn|75\n|\n|t:|1657853441\n|move|p1a: Melmetal|Double Iron Bash|p2a: Toxapex\n|-resisted|p2a: Toxapex\n|-damage|p2a: Toxapex|37\/100 par\n|-resisted|p2a: Toxapex\n|-damage|p2a: Toxapex|25\/100 par\n|-hitcount|p2a: Toxapex|2\n|move|p2a: Toxapex|Recover|p2a: Toxapex\n|-heal|p2a: Toxapex|75\/100 par\n|\n|-heal|p1a: Melmetal|93\/100|[from] item: Leftovers\n|upkeep\n|turn|76\n|c|\u2606Steelix Fusion|LMAO\n|\n|t:|1657853450\n|move|p1a: Melmetal|Acid Armor|p1a: Melmetal\n|-boost|p1a: Melmetal|def|2\n|cant|p2a: Toxapex|par\n|\n|-heal|p1a: Melmetal|99\/100|[from] item: Leftovers\n|upkeep\n|turn|77\n|c|\u2606Steelix Fusion|lets milk those scalds\n|\n|t:|1657853457\n|move|p1a: Melmetal|Acid Armor|p1a: Melmetal\n|-boost|p1a: Melmetal|def|2\n|move|p2a: Toxapex|Scald|p1a: Melmetal\n|-end|p1a: Melmetal|Substitute\n|\n|-heal|p1a: Melmetal|100\/100|[from] item: Leftovers\n|upkeep\n|turn|78\n|\n|t:|1657853467\n|move|p1a: Melmetal|Substitute|p1a: Melmetal\n|-start|p1a: Melmetal|Substitute\n|-damage|p1a: Melmetal|76\/100\n|move|p2a: Toxapex|Haze|p2a: Toxapex\n|-clearallboost\n|\n|-heal|p1a: Melmetal|82\/100|[from] item: Leftovers\n|upkeep\n|turn|79\n|\n|t:|1657853474\n|move|p1a: Melmetal|Acid Armor|p1a: Melmetal\n|-boost|p1a: Melmetal|def|2\n|move|p2a: Toxapex|Haze|p2a: Toxapex\n|-clearallboost\n|\n|-heal|p1a: Melmetal|88\/100|[from] item: Leftovers\n|upkeep\n|turn|80\n|\n|t:|1657853483\n|move|p1a: Melmetal|Substitute|p1a: Melmetal\n|-fail|p1a: Melmetal|move: Substitute\n|move|p2a: Toxapex|Haze|p2a: Toxapex\n|-clearallboost\n|\n|-heal|p1a: Melmetal|94\/100|[from] item: Leftovers\n|upkeep\n|turn|81\n|\n|t:|1657853490\n|move|p1a: Melmetal|Double Iron Bash|p2a: Toxapex\n|-resisted|p2a: Toxapex\n|-damage|p2a: Toxapex|62\/100 par\n|-resisted|p2a: Toxapex\n|-damage|p2a: Toxapex|49\/100 par\n|-hitcount|p2a: Toxapex|2\n|move|p2a: Toxapex|Toxic Spikes|p1a: Melmetal\n|-sidestart|p1: Steelix Fusion|move: Toxic Spikes\n|\n|-heal|p1a: Melmetal|99\/100|[from] item: Leftovers\n|upkeep\n|turn|82\n|\n|t:|1657853499\n|move|p1a: Melmetal|Acid Armor|p1a: Melmetal\n|-boost|p1a: Melmetal|def|2\n|move|p2a: Toxapex|Recover|p2a: Toxapex\n|-heal|p2a: Toxapex|99\/100 par\n|\n|-heal|p1a: Melmetal|100\/100|[from] item: Leftovers\n|upkeep\n|turn|83\n|\n|t:|1657853507\n|move|p1a: Melmetal|Acid Armor|p1a: Melmetal\n|-boost|p1a: Melmetal|def|2\n|cant|p2a: Toxapex|par\n|\n|upkeep\n|turn|84\n|\n|t:|1657853511\n|move|p1a: Melmetal|Body Press|p2a: Toxapex\n|-resisted|p2a: Toxapex\n|-damage|p2a: Toxapex|77\/100 par\n|move|p2a: Toxapex|Haze|p2a: Toxapex\n|-clearallboost\n|\n|upkeep\n|turn|85\n|\n|t:|1657853518\n|switch|p2a: Hippowdon|Hippowdon, M|100\/100\n|-weather|Sandstorm|[from] ability: Sand Stream|[of] p2a: Hippowdon\n|move|p1a: Melmetal|Acid Armor|p1a: Melmetal\n|-boost|p1a: Melmetal|def|2\n|\n|-weather|Sandstorm|[upkeep]\n|upkeep\n|turn|86\n|\n|t:|1657853525\n|switch|p2a: Toxapex|Toxapex, M|100\/100 par\n|move|p1a: Melmetal|Acid Armor|p1a: Melmetal\n|-boost|p1a: Melmetal|def|2\n|\n|-weather|Sandstorm|[upkeep]\n|-damage|p2a: Toxapex|95\/100 par|[from] Sandstorm\n|upkeep\n|turn|87\n|\n|t:|1657853532\n|move|p1a: Melmetal|Body Press|p2a: Toxapex\n|-resisted|p2a: Toxapex\n|-damage|p2a: Toxapex|73\/100 par\n|move|p2a: Toxapex|Haze|p2a: Toxapex\n|-clearallboost\n|\n|-weather|Sandstorm|[upkeep]\n|-damage|p2a: Toxapex|67\/100 par|[from] Sandstorm\n|upkeep\n|turn|88\n|\n|t:|1657853540\n|switch|p2a: Hippowdon|Hippowdon, M|100\/100\n|move|p1a: Melmetal|Acid Armor|p1a: Melmetal\n|-boost|p1a: Melmetal|def|2\n|\n|-weather|Sandstorm|[upkeep]\n|upkeep\n|turn|89\n|\n|t:|1657853545\n|switch|p2a: Toxapex|Toxapex, M|100\/100 par\n|move|p1a: Melmetal|Acid Armor|p1a: Melmetal\n|-boost|p1a: Melmetal|def|2\n|\n|-weather|none\n|upkeep\n|turn|90\n|\n|t:|1657853551\n|move|p1a: Melmetal|Body Press|p2a: Toxapex\n|-resisted|p2a: Toxapex\n|-damage|p2a: Toxapex|79\/100 par\n|move|p2a: Toxapex|Haze|p2a: Toxapex\n|-clearallboost\n|\n|upkeep\n|turn|91\n|c|\u2606Steelix Fusion|para\n|c|\u2606Steelix Fusion|only works\n|c|\u2606Steelix Fusion|when im para\n|\n|t:|1657853561\n|switch|p2a: Hippowdon|Hippowdon, M|100\/100\n|-weather|Sandstorm|[from] ability: Sand Stream|[of] p2a: Hippowdon\n|move|p1a: Melmetal|Acid Armor|p1a: Melmetal\n|-boost|p1a: Melmetal|def|2\n|\n|-weather|Sandstorm|[upkeep]\n|upkeep\n|turn|92\n|c|\u2606Starfire Scarlet|i mean\n|c| CB Bhris Breezy|steelix i think you get outstalled bro, pex is thic as shit\n|c|\u2606Starfire Scarlet|because of the para i pp stall\n|c|\u2606Starfire Scarlet|u\n|c|\u2606Starfire Scarlet|easier\n|\n|t:|1657853574\n|switch|p2a: Toxapex|Toxapex, M|100\/100 par\n|move|p1a: Melmetal|Acid Armor|p1a: Melmetal\n|-boost|p1a: Melmetal|def|2\n|\n|-weather|Sandstorm|[upkeep]\n|-damage|p2a: Toxapex|95\/100 par|[from] Sandstorm\n|upkeep\n|turn|93\n|c|\u2606Steelix Fusion|CB\n|c|\u2606Steelix Fusion|i didnt\n|c|\u2606Steelix Fusion|u seen how this loser\n|c|\u2606Steelix Fusion|didnt get flinched\n|c|\u2606Steelix Fusion|or para'd\n|c|\u2606Steelix Fusion|wqith doublr bash\n|inactive|Steelix Fusion has 120 seconds left.\n|c|\u2606Steelix Fusion|shit was over\n|c|\u2606Starfire Scarlet|i mean i did\n|c|\u2606Starfire Scarlet|lol\n|\n|t:|1657853603\n|move|p1a: Melmetal|Body Press|p2a: Toxapex\n|-resisted|p2a: Toxapex\n|-damage|p2a: Toxapex|70\/100 par\n|move|p2a: Toxapex|Haze|p2a: Toxapex\n|-clearallboost\n|\n|-weather|Sandstorm|[upkeep]\n|-damage|p2a: Toxapex|65\/100 par|[from] Sandstorm\n|upkeep\n|turn|94\n|c| BabyPigsAreLaughin|Yeah, he got lucky.\n|inactive|Steelix Fusion has 120 seconds left.\n|c|\u2606Steelix Fusion|look at this\n|c|\u2606Steelix Fusion|hes free tagging\n|\n|t:|1657853615\n|switch|p2a: Hippowdon|Hippowdon, M|100\/100\n|move|p1a: Melmetal|Body Press|p2a: Hippowdon\n|-damage|p2a: Hippowdon|83\/100\n|\n|-weather|Sandstorm|[upkeep]\n|-heal|p2a: Hippowdon|90\/100|[from] item: Leftovers\n|upkeep\n|turn|95\n|c| BabyPigsAreLaughin|Hang in there, brother!\n|inactive|Steelix Fusion has 90 seconds left.\n|\n|t:|1657853645\n|move|p2a: Hippowdon|Earthquake|p1a: Melmetal\n|-supereffective|p1a: Melmetal\n|-end|p1a: Melmetal|Substitute\n|move|p1a: Melmetal|Acid Armor|p1a: Melmetal\n|-boost|p1a: Melmetal|def|2\n|\n|-weather|none\n|-heal|p2a: Hippowdon|96\/100|[from] item: Leftovers\n|upkeep\n|turn|96\n|inactive|Steelix Fusion has 90 seconds left.\n|\n|t:|1657853669\n|switch|p2a: Toxapex|Toxapex, M|98\/100 par\n|move|p1a: Melmetal|Acid Armor|p1a: Melmetal\n|-boost|p1a: Melmetal|def|2\n|\n|upkeep\n|turn|97\n|inactive|Steelix Fusion has 90 seconds left.\n|\n|t:|1657853674\n|move|p1a: Melmetal|Body Press|p2a: Toxapex\n|-resisted|p2a: Toxapex\n|-damage|p2a: Toxapex|77\/100 par\n|move|p2a: Toxapex|Haze|p2a: Toxapex\n|-clearallboost\n|\n|upkeep\n|turn|98\n|c|\u2606Steelix Fusion|k\n|inactive|Steelix Fusion has 90 seconds left.\n|c|\u2606Steelix Fusion|brb\n|c| CB Bhris Breezy|mel with no tpunch has a hard time breaking pex\n|c|\u2606Steelix Fusion|making another game\n|inactive|Starfire Scarlet has 120 seconds left.\n|c|\u2606Steelix Fusion|played this faget\n|c|\u2606Steelix Fusion|for an hour\n|c|\u2606Steelix Fusion|just for this\n|inactive|Steelix Fusion has 60 seconds left.\n|c|\u2606Starfire Scarlet|whats wrong with u lol\n|c|\u2606Steelix Fusion|what a piece of shit\n|c|\u2606Starfire Scarlet|youve somehow convinced urself u deserved to win this game\n|\n|t:|1657853730\n|switch|p2a: Hippowdon|Hippowdon, M|96\/100\n|-weather|Sandstorm|[from] ability: Sand Stream|[of] p2a: Hippowdon\n|move|p1a: Melmetal|Substitute|p1a: Melmetal\n|-start|p1a: Melmetal|Substitute\n|-damage|p1a: Melmetal|76\/100\n|\n|-weather|Sandstorm|[upkeep]\n|-heal|p2a: Hippowdon|100\/100|[from] item: Leftovers\n|-heal|p1a: Melmetal|82\/100|[from] item: Leftovers\n|upkeep\n|turn|99\n|c|\u2606Starfire Scarlet|ad are calling me a slur now\n|c|\u2606Starfire Scarlet|ridic\n|inactive|Starfire Scarlet has 120 seconds left.\n|c|\u2606Steelix Fusion|its funny\n|c|\u2606Steelix Fusion|how thezse losers talk\n|c|\u2606Steelix Fusion|like they won\n|inactive|Steelix Fusion has 30 seconds left.\n|c|\u2606Steelix Fusion|with skill or something\n|c|\u2606Steelix Fusion|u didnt get flinched\n|c|\u2606Starfire Scarlet|ur a 1600s player relax\n|inactive|Steelix Fusion has 20 seconds left.\n|c|\u2606Steelix Fusion|simple as that\n|inactive|Steelix Fusion has 15 seconds left.\n|c|\u2606Steelix Fusion|i use noob teams\n|c|\u2606Steelix Fusion|all the time\n|inactive|Steelix Fusion has 10 seconds left.\n|c|\u2606Starfire Scarlet|u play like one too\n|c|\u2606Steelix Fusion|im 18 player\n|c| CB Bhris Breezy|he saw his win con with stall it is what it is\n|inactive|Steelix Fusion has 5 seconds left.\n|-message|Steelix Fusion lost due to inactivity.\n|\n|win|Starfire Scarlet\n|raw|Steelix Fusion's rating: 1670 &rarr; <strong>1656<\/strong><br \/>(-14 for losing)\n|raw|Starfire Scarlet's rating: 1782 &rarr; <strong>1796<\/strong><br \/>(+14 for winning)\n|c|\u2606Steelix Fusion|virgins use stall\n|c|\u2606Starfire Scarlet|its not stall\n|c|\u2606Starfire Scarlet|ur so dumb lmao\n|c|\u2606Starfire Scarlet|its crazy\n|c|\u2606Steelix Fusion|faget ass dude\n||Ladder isn't responding, score probably updated but might not have (Request timeout).\n","uploadtime":1657853796,"views":30,"p1id":"steelixfusion","p2id":"starfirescarlet","formatid":"gen8ou","rating":1656,"private":0,"password":null}