{"id":"gen8ou-1173926453","p1":"early_human","p2":"IamNoobPlsHelp","format":"gen8ou","log":"|j|\u2606early_human\n|j|\u2606IamNoobPlsHelp\n|t:|1598195485\n|player|p1|early_human|266|1495\n|player|p2|IamNoobPlsHelp|elesa-gen5bw2|1446\n|teamsize|p1|6\n|teamsize|p2|6\n|gametype|singles\n|gen|8\n|tier|[Gen 8] OU\n|rated|\n|clearpoke\n|poke|p1|Weezing-Galar, F|\n|poke|p1|Shedinja|\n|poke|p1|Haxorus, F|\n|poke|p1|Hawlucha, M|\n|poke|p1|Aegislash, F|\n|poke|p1|Volcarona, F|\n|poke|p2|Azumarill, F|\n|poke|p2|Volcarona, M|\n|poke|p2|Galvantula, F|\n|poke|p2|Bisharp, M|\n|poke|p2|Clefable, M|\n|poke|p2|Mandibuzz, F|\n|rule|Sleep Clause Mod: Limit one foe put to sleep\n|rule|Species Clause: Limit one of each Pok\u00e9mon\n|rule|OHKO Clause: OHKO moves are banned\n|rule|Evasion Moves Clause: Evasion moves are banned\n|rule|Endless Battle Clause: Forcing endless battles is banned\n|rule|HP Percentage Mod: HP is shown in percentages\n|rule|Dynamax Clause: You cannot dynamax\n|teampreview\n|\n|t:|1598195491\n|start\n|switch|p1a: Shedinja|Shedinja|100\/100\n|switch|p2a: Galvantula|Galvantula, F|100\/100\n|turn|1\n|\n|t:|1598195493\n|move|p2a: Galvantula|Toxic|p1a: Shedinja\n|-status|p1a: Shedinja|tox\n|move|p1a: Shedinja|Swords Dance|p1a: Shedinja\n|-boost|p1a: Shedinja|atk|2\n|\n|-damage|p1a: Shedinja|0 fnt|[from] psn\n|faint|p1a: Shedinja\n|upkeep\n|-message|early_human forfeited.\n|\n|win|IamNoobPlsHelp\n|l|\u2606early_human\n|raw|early_human's rating: 1473 &rarr; <strong>1452<\/strong><br \/>(-21 for losing)\n|raw|IamNoobPlsHelp's rating: 1446 &rarr; <strong>1468<\/strong><br \/>(+22 for winning)\n","uploadtime":1598195500,"views":62,"p1id":"earlyhuman","p2id":"iamnoobplshelp","formatid":"gen8ou","rating":1452,"private":0,"password":null}