{"id":"gen8ou-1664942247","p1":"dmt dreams","p2":"psh mobile","format":"gen8ou","log":"|j|\u203ddmt dreams\n|j|\u2606psh mobile\n|inactive|Battle timer is ON: inactive players will automatically lose when time's up.\n|t:|1663252971\n|gametype|singles\n|player|p1|dmt dreams|cynthia-gen4|\n|player|p2|psh mobile|170|\n|teamsize|p1|6\n|teamsize|p2|6\n|gen|8\n|tier|[Gen 8] OU\n|rated|Tournament battle\n|rule|Sleep Clause Mod: Limit one foe put to sleep\n|rule|Species Clause: Limit one of each Pok\u00e9mon\n|rule|OHKO Clause: OHKO moves are banned\n|rule|Evasion Items Clause: Evasion items are banned\n|rule|Evasion Moves Clause: Evasion moves are banned\n|rule|Endless Battle Clause: Forcing endless battles is banned\n|rule|HP Percentage Mod: HP is shown in percentages\n|rule|Dynamax Clause: You cannot dynamax\n|clearpoke\n|poke|p1|Kartana|\n|poke|p1|Magnezone|\n|poke|p1|Tornadus-Therian, M|\n|poke|p1|Weavile, F|\n|poke|p1|Toxapex, M|\n|poke|p1|Garchomp, M|\n|poke|p2|Weavile, F|\n|poke|p2|Dragapult, F|\n|poke|p2|Landorus-Therian, M|\n|poke|p2|Heatran, F|\n|poke|p2|Corviknight, F|\n|poke|p2|Tapu Lele|\n|teampreview\n|\n|t:|1663253000\n|start\n|switch|p1a: Tornadus|Tornadus-Therian, M|100\/100\n|switch|p2a: Tapu Lele|Tapu Lele|100\/100\n|-fieldstart|move: Psychic Terrain|[from] ability: Psychic Surge|[of] p2a: Tapu Lele\n|turn|1\n|\n|t:|1663253004\n|move|p2a: Tapu Lele|Psyshock|p1a: Tornadus\n|-damage|p1a: Tornadus|38\/100\n|move|p1a: Tornadus|Hurricane|p2a: Tapu Lele\n|-damage|p2a: Tapu Lele|54\/100\n|\n|upkeep\n|turn|2\n|j| bokwon\n|l| bokwon\n|\n|t:|1663253026\n|switch|p2a: Heatran|Heatran, F|100\/100\n|switch|p1a: Weavile|Weavile, F|100\/100\n|-ability|p1a: Weavile|Pressure\n|\n|upkeep\n|turn|3\n|\n|t:|1663253031\n|switch|p1a: Garchomp|Garchomp, M|100\/100\n|move|p2a: Heatran|Magma Storm|p1a: Garchomp\n|-resisted|p1a: Garchomp\n|-damage|p1a: Garchomp|86\/100\n|-activate|p1a: Garchomp|move: Magma Storm|[of] p2a: Heatran\n|\n|-heal|p1a: Garchomp|93\/100|[from] item: Leftovers\n|-damage|p1a: Garchomp|80\/100|[from] move: Magma Storm|[partiallytrapped]\n|upkeep\n|turn|4\n|\n|t:|1663253038\n|move|p1a: Garchomp|Stealth Rock|p2a: Heatran\n|-sidestart|p2: psh mobile|move: Stealth Rock\n|move|p2a: Heatran|Toxic|p1a: Garchomp\n|-status|p1a: Garchomp|tox\n|\n|-heal|p1a: Garchomp|86\/100 tox|[from] item: Leftovers\n|-damage|p1a: Garchomp|80\/100 tox|[from] psn\n|-damage|p1a: Garchomp|68\/100 tox|[from] move: Magma Storm|[partiallytrapped]\n|upkeep\n|turn|5\n|\n|t:|1663253040\n|switch|p2a: Corviknight|Corviknight, F|100\/100\n|-damage|p2a: Corviknight|88\/100|[from] Stealth Rock\n|-ability|p2a: Corviknight|Pressure\n|move|p1a: Garchomp|Earthquake|p2a: Corviknight\n|-immune|p2a: Corviknight\n|\n|-heal|p1a: Garchomp|74\/100 tox|[from] item: Leftovers\n|-heal|p2a: Corviknight|94\/100|[from] item: Leftovers\n|-damage|p1a: Garchomp|62\/100 tox|[from] psn\n|-end|p1a: Garchomp|Magma Storm|[partiallytrapped]|[silent]\n|-fieldend|move: Psychic Terrain\n|upkeep\n|turn|6\n|\n|t:|1663253043\n|switch|p1a: Magnezone|Magnezone|100\/100\n|move|p2a: Corviknight|Defog|p1a: Magnezone\n|-unboost|p1a: Magnezone|evasion|1\n|-sideend|p2: psh mobile|Stealth Rock|[from] move: Defog|[of] p2a: Corviknight\n|\n|-heal|p2a: Corviknight|100\/100|[from] item: Leftovers\n|upkeep\n|turn|7\n|\n|t:|1663253045\n|move|p1a: Magnezone|Thunderbolt|p2a: Corviknight\n|-supereffective|p2a: Corviknight\n|-damage|p2a: Corviknight|3\/100\n|move|p2a: Corviknight|U-turn|p1a: Magnezone\n|-resisted|p1a: Magnezone\n|-damage|p1a: Magnezone|94\/100\n|\n|t:|1663253048\n|switch|p2a: Landorus|Landorus-Therian, M|100\/100|[from]move: U-turn\n|-ability|p2a: Landorus|Intimidate|boost\n|-unboost|p1a: Magnezone|atk|1\n|\n|-heal|p1a: Magnezone|99\/100|[from] item: Leftovers\n|upkeep\n|turn|8\n|\n|t:|1663253051\n|move|p2a: Landorus|Stealth Rock|p1a: Magnezone\n|-sidestart|p1: dmt dreams|move: Stealth Rock\n|move|p1a: Magnezone|Toxic|p2a: Landorus|[miss]\n|-miss|p1a: Magnezone|p2a: Landorus\n|\n|-heal|p1a: Magnezone|100\/100|[from] item: Leftovers\n|upkeep\n|turn|9\n|\n|t:|1663253055\n|switch|p1a: Tornadus|Tornadus-Therian, M|71\/100\n|move|p2a: Landorus|Earthquake|p1a: Tornadus\n|-immune|p1a: Tornadus\n|\n|upkeep\n|turn|10\n|\n|t:|1663253058\n|move|p1a: Tornadus|Hurricane|p2a: Landorus\n|-damage|p2a: Landorus|54\/100\n|move|p2a: Landorus|U-turn|p1a: Tornadus\n|-resisted|p1a: Tornadus\n|-damage|p1a: Tornadus|58\/100\n|j| TheWelshCorgi\n|l| TheWelshCorgi\n|\n|t:|1663253061\n|switch|p2a: Weavile|Weavile, F, shiny|100\/100|[from]move: U-turn\n|-ability|p2a: Weavile|Pressure\n|\n|upkeep\n|turn|11\n|\n|t:|1663253068\n|switch|p2a: Heatran|Heatran, F|100\/100\n|switch|p1a: Toxapex|Toxapex, M|100\/100\n|-damage|p1a: Toxapex|88\/100|[from] Stealth Rock\n|\n|-heal|p1a: Toxapex|94\/100|[from] item: Black Sludge\n|upkeep\n|turn|12\n|\n|t:|1663253071\n|switch|p1a: Garchomp|Garchomp, M|62\/100 tox\n|-damage|p1a: Garchomp|56\/100 tox|[from] Stealth Rock\n|move|p2a: Heatran|Magma Storm|p1a: Garchomp\n|-resisted|p1a: Garchomp\n|-damage|p1a: Garchomp|41\/100 tox\n|-activate|p1a: Garchomp|move: Magma Storm|[of] p2a: Heatran\n|\n|-heal|p1a: Garchomp|48\/100 tox|[from] item: Leftovers\n|-damage|p1a: Garchomp|41\/100 tox|[from] psn\n|-damage|p1a: Garchomp|29\/100 tox|[from] move: Magma Storm|[partiallytrapped]\n|upkeep\n|turn|13\n|\n|t:|1663253084\n|switch|p2a: Corviknight|Corviknight, F|3\/100\n|-ability|p2a: Corviknight|Pressure\n|move|p1a: Garchomp|Stealth Rock|p2a: Corviknight\n|-sidestart|p2: psh mobile|move: Stealth Rock\n|\n|-heal|p1a: Garchomp|35\/100 tox|[from] item: Leftovers\n|-heal|p2a: Corviknight|9\/100|[from] item: Leftovers\n|-damage|p1a: Garchomp|23\/100 tox|[from] psn\n|-end|p1a: Garchomp|Magma Storm|[partiallytrapped]|[silent]\n|upkeep\n|turn|14\n|\n|t:|1663253094\n|switch|p1a: Magnezone|Magnezone|100\/100\n|-damage|p1a: Magnezone|94\/100|[from] Stealth Rock\n|move|p2a: Corviknight|Roost|p2a: Corviknight\n|-heal|p2a: Corviknight|59\/100\n|-singleturn|p2a: Corviknight|move: Roost\n|\n|-heal|p1a: Magnezone|100\/100|[from] item: Leftovers\n|-heal|p2a: Corviknight|65\/100|[from] item: Leftovers\n|upkeep\n|turn|15\n|\n|t:|1663253101\n|move|p1a: Magnezone|Thunderbolt|p2a: Corviknight\n|-supereffective|p2a: Corviknight\n|-damage|p2a: Corviknight|0 fnt\n|faint|p2a: Corviknight\n|\n|upkeep\n|\n|t:|1663253105\n|switch|p2a: Heatran|Heatran, F|100\/100\n|-damage|p2a: Heatran|88\/100|[from] Stealth Rock\n|turn|16\n|\n|t:|1663253113\n|switch|p1a: Garchomp|Garchomp, M|23\/100 tox\n|-damage|p1a: Garchomp|17\/100 tox|[from] Stealth Rock\n|move|p2a: Heatran|Magma Storm|p1a: Garchomp\n|-resisted|p1a: Garchomp\n|-damage|p1a: Garchomp|0 fnt\n|faint|p1a: Garchomp\n|\n|-heal|p2a: Heatran|94\/100|[from] item: Leftovers\n|upkeep\n|\n|t:|1663253119\n|switch|p1a: Kartana|Kartana|100\/100\n|-damage|p1a: Kartana|94\/100|[from] Stealth Rock\n|turn|17\n|\n|t:|1663253122\n|move|p1a: Kartana|Sacred Sword|p2a: Heatran\n|-supereffective|p2a: Heatran\n|-damage|p2a: Heatran|28\/100\n|move|p2a: Heatran|Magma Storm|p1a: Kartana\n|-supereffective|p1a: Kartana\n|-damage|p1a: Kartana|0 fnt\n|faint|p1a: Kartana\n|\n|-heal|p2a: Heatran|35\/100|[from] item: Leftovers\n|upkeep\n|\n|t:|1663253124\n|switch|p1a: Weavile|Weavile, F|100\/100\n|-ability|p1a: Weavile|Pressure\n|turn|18\n|\n|t:|1663253127\n|move|p1a: Weavile|Knock Off|p2a: Heatran\n|-damage|p2a: Heatran|0 fnt\n|-enditem|p2a: Heatran|Leftovers|[from] move: Knock Off|[of] p1a: Weavile\n|faint|p2a: Heatran\n|\n|upkeep\n|\n|t:|1663253132\n|switch|p2a: Tapu Lele|Tapu Lele|54\/100\n|-damage|p2a: Tapu Lele|42\/100|[from] Stealth Rock\n|-fieldstart|move: Psychic Terrain|[from] ability: Psychic Surge|[of] p2a: Tapu Lele\n|turn|19\n|\n|t:|1663253138\n|switch|p1a: Tornadus|Tornadus-Therian, M|91\/100\n|move|p2a: Tapu Lele|Psyshock|p1a: Tornadus\n|-crit|p1a: Tornadus\n|-damage|p1a: Tornadus|5\/100\n|\n|upkeep\n|turn|20\n|\n|t:|1663253149\n|move|p2a: Tapu Lele|Psyshock|p1a: Tornadus\n|-damage|p1a: Tornadus|0 fnt\n|faint|p1a: Tornadus\n|\n|upkeep\n|\n|t:|1663253151\n|switch|p1a: Weavile|Weavile, F|100\/100\n|-ability|p1a: Weavile|Pressure\n|turn|21\n|\n|t:|1663253164\n|switch|p2a: Weavile|Weavile, F, shiny|100\/100\n|-ability|p2a: Weavile|Pressure\n|move|p1a: Weavile|Triple Axel|p2a: Weavile\n|-resisted|p2a: Weavile\n|-damage|p2a: Weavile|92\/100\n|-resisted|p2a: Weavile\n|-damage|p2a: Weavile|72\/100\n|-hitcount|p2a: Weavile|2\n|\n|upkeep\n|turn|22\n|\n|t:|1663253168\n|switch|p1a: Toxapex|Toxapex, M|100\/100\n|-damage|p1a: Toxapex|88\/100|[from] Stealth Rock\n|move|p2a: Weavile|Knock Off|p1a: Toxapex\n|-damage|p1a: Toxapex|55\/100\n|-enditem|p1a: Toxapex|Black Sludge|[from] move: Knock Off|[of] p2a: Weavile\n|\n|upkeep\n|turn|23\n|\n|t:|1663253188\n|move|p2a: Weavile|Swords Dance|p2a: Weavile\n|-boost|p2a: Weavile|atk|2\n|move|p1a: Toxapex|Scald|p2a: Weavile\n|-damage|p2a: Weavile|49\/100\n|\n|-fieldend|move: Psychic Terrain\n|upkeep\n|turn|24\n|j| Van Pyro\n|\n|t:|1663253195\n|move|p1a: Toxapex|Baneful Bunker|p1a: Toxapex\n|-singleturn|p1a: Toxapex|move: Protect\n|move|p2a: Weavile|Knock Off|p1a: Toxapex\n|-activate|p1a: Toxapex|move: Protect\n|-status|p2a: Weavile|psn\n|\n|-damage|p2a: Weavile|36\/100 psn|[from] psn\n|upkeep\n|turn|25\n|\n|t:|1663253198\n|move|p2a: Weavile|Swords Dance|p2a: Weavile\n|-boost|p2a: Weavile|atk|2\n|move|p1a: Toxapex|Recover|p1a: Toxapex\n|-heal|p1a: Toxapex|100\/100\n|\n|-damage|p2a: Weavile|24\/100 psn|[from] psn\n|upkeep\n|turn|26\n|\n|t:|1663253204\n|move|p1a: Toxapex|Baneful Bunker|p1a: Toxapex\n|-singleturn|p1a: Toxapex|move: Protect\n|move|p2a: Weavile|Knock Off|p1a: Toxapex\n|-activate|p1a: Toxapex|move: Protect\n|\n|-damage|p2a: Weavile|11\/100 psn|[from] psn\n|upkeep\n|turn|27\n|\n|t:|1663253207\n|move|p2a: Weavile|Knock Off|p1a: Toxapex\n|-damage|p1a: Toxapex|36\/100\n|move|p1a: Toxapex|Recover|p1a: Toxapex\n|-heal|p1a: Toxapex|86\/100\n|\n|-damage|p2a: Weavile|0 fnt|[from] psn\n|faint|p2a: Weavile\n|upkeep\n|j| The art of\n|\n|t:|1663253214\n|switch|p2a: Dragapult|Dragapult, F, shiny|100\/100\n|-damage|p2a: Dragapult|88\/100|[from] Stealth Rock\n|turn|28\n|\n|t:|1663253219\n|move|p1a: Toxapex|Baneful Bunker|p1a: Toxapex\n|-singleturn|p1a: Toxapex|move: Protect\n|move|p2a: Dragapult|Thunderbolt|p1a: Toxapex\n|-activate|p1a: Toxapex|move: Protect\n|\n|upkeep\n|turn|29\n|\n|t:|1663253221\n|switch|p1a: Magnezone|Magnezone|100\/100\n|-damage|p1a: Magnezone|94\/100|[from] Stealth Rock\n|move|p2a: Dragapult|Thunderbolt|p1a: Magnezone\n|-resisted|p1a: Magnezone\n|-damage|p1a: Magnezone|80\/100\n|\n|-heal|p1a: Magnezone|86\/100|[from] item: Leftovers\n|upkeep\n|turn|30\n|\n|t:|1663253225\n|switch|p1a: Toxapex|Toxapex, M|100\/100\n|-damage|p1a: Toxapex|88\/100|[from] Stealth Rock\n|move|p2a: Dragapult|Fire Blast|p1a: Toxapex\n|-resisted|p1a: Toxapex\n|-damage|p1a: Toxapex|75\/100\n|\n|upkeep\n|turn|31\n|\n|t:|1663253230\n|move|p2a: Dragapult|Thunderbolt|p1a: Toxapex\n|-supereffective|p1a: Toxapex\n|-damage|p1a: Toxapex|27\/100\n|move|p1a: Toxapex|Knock Off|p2a: Dragapult\n|-supereffective|p2a: Dragapult\n|-damage|p2a: Dragapult|50\/100\n|-enditem|p2a: Dragapult|Expert Belt|[from] move: Knock Off|[of] p1a: Toxapex\n|\n|upkeep\n|turn|32\n|\n|t:|1663253239\n|switch|p1a: Weavile|Weavile, F|100\/100\n|-ability|p1a: Weavile|Pressure\n|move|p2a: Dragapult|Thunderbolt|p1a: Weavile\n|-damage|p1a: Weavile|63\/100\n|\n|upkeep\n|turn|33\n|\n|t:|1663253244\n|move|p1a: Weavile|Ice Shard|p2a: Dragapult\n|-supereffective|p2a: Dragapult\n|-damage|p2a: Dragapult|0 fnt\n|faint|p2a: Dragapult\n|\n|upkeep\n|\n|t:|1663253247\n|switch|p2a: Tapu Lele|Tapu Lele|42\/100\n|-damage|p2a: Tapu Lele|29\/100|[from] Stealth Rock\n|-fieldstart|move: Psychic Terrain|[from] ability: Psychic Surge|[of] p2a: Tapu Lele\n|turn|34\n|\n|t:|1663253252\n|switch|p2a: Landorus|Landorus-Therian, M|54\/100\n|-damage|p2a: Landorus|42\/100|[from] Stealth Rock\n|-ability|p2a: Landorus|Intimidate|boost\n|-unboost|p1a: Weavile|atk|1\n|switch|p1a: Toxapex|Toxapex, M|61\/100\n|-damage|p1a: Toxapex|48\/100|[from] Stealth Rock\n|\n|-heal|p2a: Landorus|48\/100|[from] item: Leftovers\n|upkeep\n|turn|35\n|\n|t:|1663253258\n|switch|p1a: Magnezone|Magnezone|86\/100\n|-damage|p1a: Magnezone|80\/100|[from] Stealth Rock\n|move|p2a: Landorus|Earthquake|p1a: Magnezone\n|-supereffective|p1a: Magnezone\n|-damage|p1a: Magnezone|0 fnt\n|faint|p1a: Magnezone\n|\n|-heal|p2a: Landorus|54\/100|[from] item: Leftovers\n|upkeep\n|\n|t:|1663253259\n|switch|p1a: Weavile|Weavile, F|63\/100\n|-ability|p1a: Weavile|Pressure\n|turn|36\n|\n|t:|1663253266\n|move|p1a: Weavile|Triple Axel|p2a: Landorus\n|-supereffective|p2a: Landorus\n|-damage|p2a: Landorus|21\/100\n|-supereffective|p2a: Landorus\n|-damage|p2a: Landorus|0 fnt\n|faint|p2a: Landorus\n|-hitcount|p2: Landorus|2\n|\n|upkeep\n|\n|t:|1663253268\n|switch|p2a: Tapu Lele|Tapu Lele|29\/100\n|-damage|p2a: Tapu Lele|17\/100|[from] Stealth Rock\n|turn|37\n|\n|t:|1663253274\n|move|p2a: Tapu Lele|Moonblast|p1a: Weavile\n|-supereffective|p1a: Weavile\n|-damage|p1a: Weavile|0 fnt\n|faint|p1a: Weavile\n|\n|upkeep\n|\n|t:|1663253276\n|switch|p1a: Toxapex|Toxapex, M|81\/100\n|-damage|p1a: Toxapex|69\/100|[from] Stealth Rock\n|turn|38\n|\n|t:|1663253280\n|move|p2a: Tapu Lele|Moonblast|p1a: Toxapex\n|-resisted|p1a: Toxapex\n|-damage|p1a: Toxapex|49\/100\n|move|p1a: Toxapex|Recover|p1a: Toxapex\n|-heal|p1a: Toxapex|99\/100\n|\n|-fieldend|move: Psychic Terrain\n|upkeep\n|turn|39\n|\n|t:|1663253283\n|move|p1a: Toxapex|Baneful Bunker|p1a: Toxapex\n|-singleturn|p1a: Toxapex|move: Protect\n|move|p2a: Tapu Lele|Moonblast|p1a: Toxapex\n|-activate|p1a: Toxapex|move: Protect\n|\n|upkeep\n|turn|40\n|\n|t:|1663253286\n|move|p2a: Tapu Lele|Moonblast|p1a: Toxapex\n|-resisted|p1a: Toxapex\n|-damage|p1a: Toxapex|80\/100\n|move|p1a: Toxapex|Recover|p1a: Toxapex\n|-heal|p1a: Toxapex|100\/100\n|\n|upkeep\n|turn|41\n|\n|t:|1663253288\n|move|p1a: Toxapex|Baneful Bunker|p1a: Toxapex\n|-singleturn|p1a: Toxapex|move: Protect\n|move|p2a: Tapu Lele|Moonblast|p1a: Toxapex\n|-activate|p1a: Toxapex|move: Protect\n|\n|upkeep\n|turn|42\n|\n|t:|1663253291\n|move|p2a: Tapu Lele|Moonblast|p1a: Toxapex\n|-resisted|p1a: Toxapex\n|-damage|p1a: Toxapex|81\/100\n|move|p1a: Toxapex|Recover|p1a: Toxapex\n|-heal|p1a: Toxapex|100\/100\n|\n|upkeep\n|turn|43\n|\n|t:|1663253293\n|move|p1a: Toxapex|Baneful Bunker|p1a: Toxapex\n|-singleturn|p1a: Toxapex|move: Protect\n|move|p2a: Tapu Lele|Moonblast|p1a: Toxapex\n|-activate|p1a: Toxapex|move: Protect\n|\n|upkeep\n|turn|44\n|\n|t:|1663253295\n|move|p2a: Tapu Lele|Moonblast|p1a: Toxapex\n|-resisted|p1a: Toxapex\n|-crit|p1a: Toxapex\n|-damage|p1a: Toxapex|70\/100\n|move|p1a: Toxapex|Recover|p1a: Toxapex\n|-heal|p1a: Toxapex|100\/100\n|\n|upkeep\n|turn|45\n|\n|t:|1663253298\n|move|p1a: Toxapex|Baneful Bunker|p1a: Toxapex\n|-singleturn|p1a: Toxapex|move: Protect\n|move|p2a: Tapu Lele|Moonblast|p1a: Toxapex\n|-activate|p1a: Toxapex|move: Protect\n|\n|upkeep\n|turn|46\n|\n|t:|1663253299\n|move|p2a: Tapu Lele|Moonblast|p1a: Toxapex\n|-resisted|p1a: Toxapex\n|-damage|p1a: Toxapex|80\/100\n|-unboost|p1a: Toxapex|spa|1\n|move|p1a: Toxapex|Recover|p1a: Toxapex\n|-heal|p1a: Toxapex|100\/100\n|\n|upkeep\n|turn|47\n|\n|t:|1663253302\n|move|p1a: Toxapex|Baneful Bunker|p1a: Toxapex\n|-singleturn|p1a: Toxapex|move: Protect\n|move|p2a: Tapu Lele|Moonblast|p1a: Toxapex\n|-activate|p1a: Toxapex|move: Protect\n|\n|upkeep\n|turn|48\n|\n|t:|1663253304\n|move|p2a: Tapu Lele|Moonblast|p1a: Toxapex\n|-resisted|p1a: Toxapex\n|-damage|p1a: Toxapex|81\/100\n|move|p1a: Toxapex|Recover|p1a: Toxapex\n|-heal|p1a: Toxapex|100\/100\n|\n|upkeep\n|turn|49\n|l| Van Pyro\n|\n|t:|1663253308\n|move|p1a: Toxapex|Baneful Bunker|p1a: Toxapex\n|-singleturn|p1a: Toxapex|move: Protect\n|move|p2a: Tapu Lele|Moonblast|p1a: Toxapex\n|-activate|p1a: Toxapex|move: Protect\n|\n|upkeep\n|turn|50\n|inactive|psh mobile has 120 seconds left.\n|\n|t:|1663253357\n|move|p2a: Tapu Lele|Moonblast|p1a: Toxapex\n|-resisted|p1a: Toxapex\n|-damage|p1a: Toxapex|83\/100\n|move|p1a: Toxapex|Recover|p1a: Toxapex\n|-heal|p1a: Toxapex|100\/100\n|\n|upkeep\n|turn|51\n|inactive|psh mobile has 90 seconds left.\n|inactive|psh mobile has 60 seconds left.\n|l| The art of\n|\n|t:|1663253436\n|move|p2a: Tapu Lele|Moonblast|p1a: Toxapex\n|-resisted|p1a: Toxapex\n|-damage|p1a: Toxapex|80\/100\n|move|p1a: Toxapex|Scald|p2a: Tapu Lele\n|-crit|p2a: Tapu Lele\n|-damage|p2a: Tapu Lele|0 fnt\n|faint|p2a: Tapu Lele\n|\n|win|dmt dreams\n|n|\u203ddmt dreams|dmtdreams\n|n|\u2606psh mobile|pshmobile\n|l|\u2606psh mobile\n","uploadtime":1663253449,"views":109,"p1id":"dmtdreams","p2id":"pshmobile","formatid":"gen8ou","rating":0,"private":0,"password":null}