{"id":"gen8ou-1669768106","p1":"1150 Elo","p2":"hypervortexreturns","format":"gen8ou","log":"|j|\u26061150 Elo\n|j|\u203dhypervortexreturns\n|t:|1664088752\n|gametype|singles\n|player|p1|1150 Elo|169|1619\n|player|p2|hypervortexreturns|101|1893\n|teamsize|p1|6\n|teamsize|p2|6\n|gen|8\n|tier|[Gen 8] OU\n|rated|\n|rule|Sleep Clause Mod: Limit one foe put to sleep\n|rule|Species Clause: Limit one of each Pok\u00e9mon\n|rule|OHKO Clause: OHKO moves are banned\n|rule|Evasion Items Clause: Evasion items are banned\n|rule|Evasion Moves Clause: Evasion moves are banned\n|rule|Endless Battle Clause: Forcing endless battles is banned\n|rule|HP Percentage Mod: HP is shown in percentages\n|rule|Dynamax Clause: You cannot dynamax\n|clearpoke\n|poke|p1|Volcanion|\n|poke|p1|Ninetales-Alola, M|\n|poke|p1|Corviknight, M|\n|poke|p1|Arctozolt|\n|poke|p1|Landorus-Therian, M|\n|poke|p1|Tornadus-Therian, M|\n|poke|p2|Hydreigon, F|\n|poke|p2|Zapdos|\n|poke|p2|Tangrowth, M|\n|poke|p2|Corviknight, M|\n|poke|p2|Excadrill, F|\n|poke|p2|Azumarill, M|\n|teampreview\n|inactive|Battle timer is ON: inactive players will automatically lose when time's up. (requested by hypervortexreturns)\n|\n|t:|1664088766\n|start\n|switch|p1a: Tornadus|Tornadus-Therian, M|100\/100\n|switch|p2a: Azumarill|Azumarill, M|100\/100\n|turn|1\n|inactive|hypervortexreturns has 120 seconds left.\n|j| hgmjrtjrjr6\n|\n|t:|1664088797\n|move|p1a: Tornadus|Knock Off|p2a: Azumarill\n|-resisted|p2a: Azumarill\n|-damage|p2a: Azumarill|89\/100\n|-enditem|p2a: Azumarill|Sitrus Berry|[from] move: Knock Off|[of] p1a: Tornadus\n|move|p2a: Azumarill|Knock Off|p1a: Tornadus\n|-damage|p1a: Tornadus|57\/100\n|-enditem|p1a: Tornadus|Assault Vest|[from] move: Knock Off|[of] p2a: Azumarill\n|\n|upkeep\n|turn|2\n|inactive|hypervortexreturns has 120 seconds left.\n|inactive|1150 Elo has 120 seconds left.\n|\n|t:|1664088831\n|move|p1a: Tornadus|U-turn|p2a: Azumarill\n|-resisted|p2a: Azumarill\n|-damage|p2a: Azumarill|81\/100\n|\n|t:|1664088836\n|switch|p1a: Corviknight|Corviknight, M|100\/100|[from]move: U-turn\n|-ability|p1a: Corviknight|Pressure\n|move|p2a: Azumarill|Knock Off|p1a: Corviknight\n|-damage|p1a: Corviknight|77\/100\n|-damage|p2a: Azumarill|64\/100|[from] item: Rocky Helmet|[of] p1a: Corviknight\n|-enditem|p1a: Corviknight|Rocky Helmet|[from] move: Knock Off|[of] p2a: Azumarill\n|\n|upkeep\n|turn|3\n|inactive|hypervortexreturns has 120 seconds left.\n|\n|t:|1664088862\n|switch|p2a: Zapdos|Zapdos|100\/100\n|move|p1a: Corviknight|Roost|p1a: Corviknight\n|-heal|p1a: Corviknight|100\/100\n|-singleturn|p1a: Corviknight|move: Roost\n|\n|upkeep\n|turn|4\n|\n|t:|1664088886\n|switch|p1a: Landorus|Landorus-Therian, M|100\/100\n|-ability|p1a: Landorus|Intimidate|boost\n|-unboost|p2a: Zapdos|atk|1\n|move|p2a: Zapdos|Discharge|p1a: Landorus\n|-immune|p1a: Landorus\n|\n|upkeep\n|turn|5\n|j| Clefan\n|\n|t:|1664088898\n|switch|p2a: Tangrowth|Tangrowth, M|100\/100\n|move|p1a: Landorus|Toxic|p2a: Tangrowth\n|-status|p2a: Tangrowth|tox\n|\n|-damage|p2a: Tangrowth|94\/100 tox|[from] psn\n|upkeep\n|turn|6\n|\n|t:|1664088906\n|move|p1a: Landorus|U-turn|p2a: Tangrowth\n|-supereffective|p2a: Tangrowth\n|-damage|p2a: Tangrowth|69\/100 tox\n|-damage|p1a: Landorus|84\/100|[from] item: Rocky Helmet|[of] p2a: Tangrowth\n|\n|t:|1664088910\n|switch|p1a: Corviknight|Corviknight, M|100\/100|[from]move: U-turn\n|-ability|p1a: Corviknight|Pressure\n|move|p2a: Tangrowth|Sleep Powder|p1a: Corviknight\n|-status|p1a: Corviknight|slp|[from] move: Sleep Powder\n|\n|-damage|p2a: Tangrowth|57\/100 tox|[from] psn\n|upkeep\n|turn|7\n|\n|t:|1664088933\n|switch|p2a: Zapdos|Zapdos|100\/100\n|cant|p1a: Corviknight|slp\n|\n|upkeep\n|turn|8\n|\n|t:|1664088944\n|switch|p1a: Landorus|Landorus-Therian, M|84\/100\n|-ability|p1a: Landorus|Intimidate|boost\n|-unboost|p2a: Zapdos|atk|1\n|move|p2a: Zapdos|Toxic|p1a: Landorus\n|-status|p1a: Landorus|tox\n|\n|-heal|p1a: Landorus|90\/100 tox|[from] item: Leftovers\n|-damage|p1a: Landorus|84\/100 tox|[from] psn\n|upkeep\n|turn|9\n|\n|t:|1664088961\n|switch|p2a: Tangrowth|Tangrowth, M|90\/100 tox\n|move|p1a: Landorus|U-turn|p2a: Tangrowth\n|-supereffective|p2a: Tangrowth\n|-damage|p2a: Tangrowth|68\/100 tox\n|-damage|p1a: Landorus|67\/100 tox|[from] item: Rocky Helmet|[of] p2a: Tangrowth\n|\n|t:|1664088976\n|switch|p1a: Corviknight|Corviknight, M|100\/100 slp|[from]move: U-turn\n|-ability|p1a: Corviknight|Pressure\n|\n|-damage|p2a: Tangrowth|61\/100 tox|[from] psn\n|upkeep\n|turn|10\n|\n|t:|1664088989\n|switch|p2a: Zapdos|Zapdos|100\/100\n|-curestatus|p1a: Corviknight|slp|[msg]\n|move|p1a: Corviknight|U-turn|p2a: Zapdos\n|-resisted|p2a: Zapdos\n|-damage|p2a: Zapdos|94\/100\n|-status|p1a: Corviknight|par|[from] ability: Static|[of] p2a: Zapdos\n|\n|t:|1664088998\n|switch|p1a: Landorus|Landorus-Therian, M|67\/100 tox|[from]move: U-turn\n|-ability|p1a: Landorus|Intimidate|boost\n|-unboost|p2a: Zapdos|atk|1\n|\n|-heal|p1a: Landorus|73\/100 tox|[from] item: Leftovers\n|-damage|p1a: Landorus|67\/100 tox|[from] psn\n|upkeep\n|turn|11\n|\n|t:|1664089011\n|switch|p2a: Tangrowth|Tangrowth, M|95\/100 tox\n|move|p1a: Landorus|U-turn|p2a: Tangrowth\n|-supereffective|p2a: Tangrowth\n|-damage|p2a: Tangrowth|72\/100 tox\n|-damage|p1a: Landorus|51\/100 tox|[from] item: Rocky Helmet|[of] p2a: Tangrowth\n|\n|t:|1664089021\n|switch|p1a: Arctozolt|Arctozolt|100\/100|[from]move: U-turn\n|\n|-damage|p2a: Tangrowth|66\/100 tox|[from] psn\n|upkeep\n|turn|12\n|\n|t:|1664089048\n|switch|p2a: Zapdos|Zapdos|94\/100\n|move|p1a: Arctozolt|Substitute|p1a: Arctozolt\n|-start|p1a: Arctozolt|Substitute\n|-damage|p1a: Arctozolt|76\/100\n|\n|-heal|p1a: Arctozolt|82\/100|[from] item: Leftovers\n|upkeep\n|turn|13\n|\n|t:|1664089058\n|move|p2a: Zapdos|Hurricane|p1a: Arctozolt\n|-resisted|p1a: Arctozolt\n|-end|p1a: Arctozolt|Substitute\n|move|p1a: Arctozolt|Blizzard|p2a: Zapdos\n|-supereffective|p2a: Zapdos\n|-damage|p2a: Zapdos|25\/100\n|\n|-heal|p1a: Arctozolt|88\/100|[from] item: Leftovers\n|upkeep\n|turn|14\n|\n|t:|1664089071\n|move|p2a: Zapdos|Roost|p2a: Zapdos\n|-heal|p2a: Zapdos|75\/100\n|-singleturn|p2a: Zapdos|move: Roost\n|move|p1a: Arctozolt|Blizzard|p2a: Zapdos\n|-damage|p2a: Zapdos|40\/100\n|\n|-heal|p1a: Arctozolt|94\/100|[from] item: Leftovers\n|upkeep\n|turn|15\n|\n|t:|1664089082\n|switch|p1a: Landorus|Landorus-Therian, M|51\/100 tox\n|-ability|p1a: Landorus|Intimidate|boost\n|-unboost|p2a: Zapdos|atk|1\n|move|p2a: Zapdos|Roost|p2a: Zapdos\n|-heal|p2a: Zapdos|90\/100\n|-singleturn|p2a: Zapdos|move: Roost\n|\n|-heal|p1a: Landorus|57\/100 tox|[from] item: Leftovers\n|-damage|p1a: Landorus|51\/100 tox|[from] psn\n|upkeep\n|turn|16\n|\n|t:|1664089109\n|move|p2a: Zapdos|Hurricane|p1a: Landorus\n|-damage|p1a: Landorus|14\/100 tox\n|move|p1a: Landorus|Toxic|p2a: Zapdos\n|-status|p2a: Zapdos|tox\n|\n|-heal|p1a: Landorus|20\/100 tox|[from] item: Leftovers\n|-damage|p2a: Zapdos|84\/100 tox|[from] psn\n|-damage|p1a: Landorus|8\/100 tox|[from] psn\n|upkeep\n|turn|17\n|inactive|hypervortexreturns has 90 seconds left.\n|\n|t:|1664089126\n|move|p2a: Zapdos|Hurricane|p1a: Landorus\n|-damage|p1a: Landorus|0 fnt\n|faint|p1a: Landorus\n|\n|-damage|p2a: Zapdos|72\/100 tox|[from] psn\n|upkeep\n|\n|t:|1664089133\n|switch|p1a: Ninetales|Ninetales-Alola, M|100\/100\n|-weather|Hail|[from] ability: Snow Warning|[of] p1a: Ninetales\n|turn|18\n|inactive|1150 Elo has 120 seconds left.\n|\n|t:|1664089161\n|move|p1a: Ninetales|Aurora Veil|p1a: Ninetales\n|-sidestart|p1: 1150 Elo|move: Aurora Veil\n|move|p2a: Zapdos|Discharge|p1a: Ninetales\n|-damage|p1a: Ninetales|85\/100\n|\n|-weather|Hail|[upkeep]\n|-damage|p2a: Zapdos|65\/100 tox|[from] Hail\n|-damage|p2a: Zapdos|47\/100 tox|[from] psn\n|upkeep\n|turn|19\n|inactive|1150 Elo has 120 seconds left.\n|\n|t:|1664089179\n|move|p1a: Ninetales|Freeze-Dry|p2a: Zapdos\n|-supereffective|p2a: Zapdos\n|-damage|p2a: Zapdos|9\/100 tox\n|move|p2a: Zapdos|Toxic|p1a: Ninetales|[miss]\n|-miss|p2a: Zapdos|p1a: Ninetales\n|\n|-weather|Hail|[upkeep]\n|-damage|p2a: Zapdos|2\/100 tox|[from] Hail\n|-damage|p2a: Zapdos|0 fnt|[from] psn\n|faint|p2a: Zapdos\n|upkeep\n|inactive|hypervortexreturns has 90 seconds left.\n|\n|t:|1664089192\n|switch|p2a: Excadrill|Excadrill, F|100\/100\n|-ability|p2a: Excadrill|Mold Breaker\n|turn|20\n|\n|t:|1664089198\n|switch|p1a: Corviknight|Corviknight, M|100\/100 par\n|-ability|p1a: Corviknight|Pressure\n|move|p2a: Excadrill|Stealth Rock|p1a: Corviknight\n|-sidestart|p1: 1150 Elo|move: Stealth Rock\n|\n|-weather|Hail|[upkeep]\n|-damage|p2a: Excadrill|94\/100|[from] Hail\n|-damage|p1a: Corviknight|94\/100 par|[from] Hail\n|-heal|p2a: Excadrill|100\/100|[from] item: Leftovers\n|upkeep\n|turn|21\n|inactive|hypervortexreturns has 90 seconds left.\n|\n|t:|1664089225\n|switch|p2a: Corviknight|Corviknight, M|100\/100\n|-ability|p2a: Corviknight|Pressure\n|move|p1a: Corviknight|Defog|p2a: Corviknight\n|-unboost|p2a: Corviknight|evasion|1\n|-sideend|p1: 1150 Elo|Stealth Rock|[from] move: Defog|[of] p1a: Corviknight\n|\n|-weather|Hail|[upkeep]\n|-damage|p2a: Corviknight|94\/100|[from] Hail\n|-damage|p1a: Corviknight|88\/100 par|[from] Hail\n|-heal|p2a: Corviknight|100\/100|[from] item: Leftovers\n|upkeep\n|turn|22\n|j| gfgfgfn\n|\n|t:|1664089254\n|switch|p2a: Excadrill|Excadrill, F|100\/100\n|-ability|p2a: Excadrill|Mold Breaker\n|switch|p1a: Arctozolt|Arctozolt|94\/100\n|\n|-weather|Hail|[upkeep]\n|-damage|p2a: Excadrill|94\/100|[from] Hail\n|-heal|p1a: Arctozolt|100\/100|[from] item: Leftovers\n|-heal|p2a: Excadrill|100\/100|[from] item: Leftovers\n|-sideend|p1: 1150 Elo|move: Aurora Veil\n|upkeep\n|turn|23\n|inactive|hypervortexreturns has 60 seconds left.\n|\n|t:|1664089271\n|switch|p1a: Tornadus|Tornadus-Therian, M|90\/100\n|move|p2a: Excadrill|Stealth Rock|p1a: Tornadus\n|-sidestart|p1: 1150 Elo|move: Stealth Rock\n|\n|-weather|Hail|[upkeep]\n|-damage|p1a: Tornadus|84\/100|[from] Hail\n|-damage|p2a: Excadrill|94\/100|[from] Hail\n|-heal|p2a: Excadrill|100\/100|[from] item: Leftovers\n|upkeep\n|turn|24\n|inactive|hypervortexreturns has 60 seconds left.\n|l| hgmjrtjrjr6\n|\n|t:|1664089289\n|switch|p2a: Azumarill|Azumarill, M|64\/100\n|move|p1a: Tornadus|Heat Wave|p2a: Azumarill\n|-resisted|p2a: Azumarill\n|-damage|p2a: Azumarill|51\/100\n|-status|p2a: Azumarill|brn\n|\n|-weather|Hail|[upkeep]\n|-damage|p1a: Tornadus|78\/100|[from] Hail\n|-damage|p2a: Azumarill|45\/100 brn|[from] Hail\n|-damage|p2a: Azumarill|39\/100 brn|[from] brn\n|upkeep\n|turn|25\n|inactive|hypervortexreturns has 60 seconds left.\n|\n|t:|1664089301\n|switch|p1a: Corviknight|Corviknight, M|88\/100 par\n|-damage|p1a: Corviknight|75\/100 par|[from] Stealth Rock\n|-ability|p1a: Corviknight|Pressure\n|move|p2a: Azumarill|Play Rough|p1a: Corviknight\n|-resisted|p1a: Corviknight\n|-damage|p1a: Corviknight|67\/100 par\n|\n|-weather|none\n|-damage|p2a: Azumarill|32\/100 brn|[from] brn\n|upkeep\n|turn|26\n|inactive|hypervortexreturns has 60 seconds left.\n|\n|t:|1664089314\n|switch|p2a: Corviknight|Corviknight, M|100\/100\n|-ability|p2a: Corviknight|Pressure\n|move|p1a: Corviknight|Defog|p2a: Corviknight\n|-unboost|p2a: Corviknight|evasion|1\n|-sideend|p1: 1150 Elo|Stealth Rock|[from] move: Defog|[of] p1a: Corviknight\n|\n|upkeep\n|turn|27\n|inactive|hypervortexreturns has 60 seconds left.\n|\n|t:|1664089329\n|switch|p2a: Tangrowth|Tangrowth, M|99\/100 tox\n|move|p1a: Corviknight|Roost|p1a: Corviknight\n|-heal|p1a: Corviknight|100\/100 par\n|-singleturn|p1a: Corviknight|move: Roost\n|\n|-damage|p2a: Tangrowth|93\/100 tox|[from] psn\n|upkeep\n|turn|28\n|\n|t:|1664089341\n|move|p2a: Tangrowth|Focus Blast|p1a: Corviknight\n|-damage|p1a: Corviknight|71\/100 par\n|move|p1a: Corviknight|U-turn|p2a: Tangrowth\n|-supereffective|p2a: Tangrowth\n|-damage|p2a: Tangrowth|77\/100 tox\n|-damage|p1a: Corviknight|55\/100 par|[from] item: Rocky Helmet|[of] p2a: Tangrowth\n|\n|t:|1664089348\n|switch|p1a: Volcanion|Volcanion|100\/100|[from]move: U-turn\n|\n|-damage|p2a: Tangrowth|65\/100 tox|[from] psn\n|upkeep\n|turn|29\n|inactive|hypervortexreturns has 60 seconds left.\n|\n|t:|1664089356\n|switch|p2a: Hydreigon|Hydreigon, F|100\/100\n|move|p1a: Volcanion|Flamethrower|p2a: Hydreigon\n|-resisted|p2a: Hydreigon\n|-damage|p2a: Hydreigon|66\/100\n|\n|-heal|p2a: Hydreigon|73\/100|[from] item: Leftovers\n|upkeep\n|turn|30\n|inactive|hypervortexreturns has 60 seconds left.\n|\n|t:|1664089375\n|switch|p1a: Tornadus|Tornadus-Therian, M|100\/100\n|move|p2a: Hydreigon|Nasty Plot|p2a: Hydreigon\n|-boost|p2a: Hydreigon|spa|2\n|\n|-heal|p2a: Hydreigon|79\/100|[from] item: Leftovers\n|upkeep\n|turn|31\n|inactive|hypervortexreturns has 60 seconds left.\n|\n|t:|1664089389\n|move|p1a: Tornadus|Knock Off|p2a: Hydreigon\n|-resisted|p2a: Hydreigon\n|-damage|p2a: Hydreigon|70\/100\n|-enditem|p2a: Hydreigon|Leftovers|[from] move: Knock Off|[of] p1a: Tornadus\n|move|p2a: Hydreigon|Dark Pulse|p1a: Tornadus\n|-damage|p1a: Tornadus|30\/100\n|\n|upkeep\n|turn|32\n|inactive|hypervortexreturns has 60 seconds left.\n|\n|t:|1664089407\n|move|p1a: Tornadus|U-turn|p2a: Hydreigon\n|-supereffective|p2a: Hydreigon\n|-damage|p2a: Hydreigon|41\/100\n|\n|t:|1664089414\n|switch|p1a: Corviknight|Corviknight, M|55\/100 par|[from]move: U-turn\n|-ability|p1a: Corviknight|Pressure\n|move|p2a: Hydreigon|Dark Pulse|p1a: Corviknight\n|-damage|p1a: Corviknight|0 fnt\n|faint|p1a: Corviknight\n|\n|upkeep\n|\n|t:|1664089417\n|switch|p1a: Ninetales|Ninetales-Alola, M|85\/100\n|-weather|Hail|[from] ability: Snow Warning|[of] p1a: Ninetales\n|turn|33\n|inactive|hypervortexreturns has 60 seconds left.\n|\n|t:|1664089434\n|switch|p2a: Excadrill|Excadrill, F|100\/100\n|-ability|p2a: Excadrill|Mold Breaker\n|move|p1a: Ninetales|Encore||[still]\n|-fail|p1a: Ninetales\n|\n|-weather|Hail|[upkeep]\n|-damage|p2a: Excadrill|94\/100|[from] Hail\n|-heal|p2a: Excadrill|100\/100|[from] item: Leftovers\n|upkeep\n|turn|34\n|inactive|hypervortexreturns has 60 seconds left.\n|\n|t:|1664089456\n|move|p1a: Ninetales|Aurora Veil|p1a: Ninetales\n|-sidestart|p1: 1150 Elo|move: Aurora Veil\n|move|p2a: Excadrill|Stealth Rock|p1a: Ninetales\n|-sidestart|p1: 1150 Elo|move: Stealth Rock\n|\n|-weather|Hail|[upkeep]\n|-damage|p2a: Excadrill|94\/100|[from] Hail\n|-heal|p2a: Excadrill|100\/100|[from] item: Leftovers\n|upkeep\n|turn|35\n|inactive|hypervortexreturns has 60 seconds left.\n|\n|t:|1664089478\n|switch|p1a: Tornadus|Tornadus-Therian, M|63\/100\n|-damage|p1a: Tornadus|38\/100|[from] Stealth Rock\n|switch|p2a: Corviknight|Corviknight, M|100\/100\n|-ability|p2a: Corviknight|Pressure\n|\n|-weather|Hail|[upkeep]\n|-damage|p1a: Tornadus|32\/100|[from] Hail\n|-damage|p2a: Corviknight|94\/100|[from] Hail\n|-heal|p2a: Corviknight|100\/100|[from] item: Leftovers\n|upkeep\n|turn|36\n|inactive|hypervortexreturns has 60 seconds left.\n|\n|t:|1664089491\n|move|p1a: Tornadus|Heat Wave|p2a: Corviknight\n|-supereffective|p2a: Corviknight\n|-damage|p2a: Corviknight|68\/100\n|move|p2a: Corviknight|Brave Bird|p1a: Tornadus\n|-crit|p1a: Tornadus\n|-damage|p1a: Tornadus|0 fnt\n|faint|p1a: Tornadus\n|-damage|p2a: Corviknight|59\/100|[from] Recoil\n|\n|-weather|Hail|[upkeep]\n|-damage|p2a: Corviknight|53\/100|[from] Hail\n|-heal|p2a: Corviknight|59\/100|[from] item: Leftovers\n|upkeep\n|\n|t:|1664089498\n|switch|p1a: Arctozolt|Arctozolt|100\/100\n|-damage|p1a: Arctozolt|76\/100|[from] Stealth Rock\n|turn|37\n|inactive|hypervortexreturns has 60 seconds left.\n|\n|t:|1664089531\n|switch|p2a: Tangrowth|Tangrowth, M|98\/100 tox\n|move|p1a: Arctozolt|Substitute|p1a: Arctozolt\n|-start|p1a: Arctozolt|Substitute\n|-damage|p1a: Arctozolt|51\/100\n|\n|-weather|Hail|[upkeep]\n|-damage|p2a: Tangrowth|92\/100 tox|[from] Hail\n|-heal|p1a: Arctozolt|57\/100|[from] item: Leftovers\n|-damage|p2a: Tangrowth|86\/100 tox|[from] psn\n|upkeep\n|turn|38\n|\n|t:|1664089545\n|switch|p2a: Corviknight|Corviknight, M|59\/100\n|-ability|p2a: Corviknight|Pressure\n|move|p1a: Arctozolt|Blizzard|p2a: Corviknight\n|-damage|p2a: Corviknight|33\/100\n|\n|-weather|Hail|[upkeep]\n|-damage|p2a: Corviknight|26\/100|[from] Hail\n|-heal|p1a: Arctozolt|63\/100|[from] item: Leftovers\n|-heal|p2a: Corviknight|33\/100|[from] item: Leftovers\n|-sideend|p1: 1150 Elo|move: Aurora Veil\n|upkeep\n|turn|39\n|l|\u26061150 Elo\n|inactive|1150 Elo disconnected and has a minute to reconnect!\n|player|p1|\n|j| Mr. Bag Getter\n|j|\u26061150 Elo\n|inactive|1150 Elo reconnected and has 135 seconds left.\n|player|p1|1150 Elo|169\n|inactive|hypervortexreturns has 30 seconds left.\n|\n|t:|1664089568\n|move|p1a: Arctozolt|Bolt Beak|p2a: Corviknight\n|-supereffective|p2a: Corviknight\n|-damage|p2a: Corviknight|0 fnt\n|faint|p2a: Corviknight\n|\n|-weather|Hail|[upkeep]\n|-heal|p1a: Arctozolt|69\/100|[from] item: Leftovers\n|upkeep\n|inactive|hypervortexreturns has 30 seconds left.\n|\n|t:|1664089581\n|switch|p2a: Tangrowth|Tangrowth, M|100\/100 tox\n|turn|40\n|inactive|hypervortexreturns has 30 seconds left.\n|\n|t:|1664089586\n|switch|p2a: Azumarill|Azumarill, M|32\/100 brn\n|move|p1a: Arctozolt|Blizzard|p2a: Azumarill\n|-resisted|p2a: Azumarill\n|-damage|p2a: Azumarill|12\/100 brn\n|\n|-weather|none\n|-heal|p1a: Arctozolt|76\/100|[from] item: Leftovers\n|-damage|p2a: Azumarill|6\/100 brn|[from] brn\n|upkeep\n|turn|41\n|inactive|hypervortexreturns has 30 seconds left.\n|\n|t:|1664089605\n|move|p2a: Azumarill|Aqua Jet|p1a: Arctozolt\n|-activate|p1a: Arctozolt|move: Substitute|[damage]\n|move|p1a: Arctozolt|Bolt Beak|p2a: Azumarill\n|-supereffective|p2a: Azumarill\n|-damage|p2a: Azumarill|0 fnt\n|faint|p2a: Azumarill\n|\n|-heal|p1a: Arctozolt|82\/100|[from] item: Leftovers\n|upkeep\n|inactive|hypervortexreturns has 30 seconds left.\n|\n|t:|1664089616\n|switch|p2a: Excadrill|Excadrill, F|100\/100\n|-ability|p2a: Excadrill|Mold Breaker\n|turn|42\n|j| Chiwis Del Norte\n|inactive|hypervortexreturns has 30 seconds left.\n|\n|t:|1664089640\n|move|p2a: Excadrill|Iron Head|p1a: Arctozolt\n|-end|p1a: Arctozolt|Substitute\n|move|p1a: Arctozolt|Low Kick|p2a: Excadrill\n|-supereffective|p2a: Excadrill\n|-damage|p2a: Excadrill|56\/100\n|\n|-heal|p2a: Excadrill|62\/100|[from] item: Leftovers\n|-heal|p1a: Arctozolt|88\/100|[from] item: Leftovers\n|upkeep\n|turn|43\n|inactive|hypervortexreturns has 30 seconds left.\n|\n|t:|1664089653\n|switch|p1a: Volcanion|Volcanion|100\/100\n|-damage|p1a: Volcanion|76\/100|[from] Stealth Rock\n|move|p2a: Excadrill|Earthquake|p1a: Volcanion\n|-supereffective|p1a: Volcanion\n|-damage|p1a: Volcanion|0 fnt\n|faint|p1a: Volcanion\n|\n|-heal|p2a: Excadrill|68\/100|[from] item: Leftovers\n|upkeep\n|\n|t:|1664089657\n|switch|p1a: Ninetales|Ninetales-Alola, M|85\/100\n|-damage|p1a: Ninetales|60\/100|[from] Stealth Rock\n|-weather|Hail|[from] ability: Snow Warning|[of] p1a: Ninetales\n|turn|44\n|inactive|hypervortexreturns has 30 seconds left.\n|inactive|hypervortexreturns has 20 seconds left.\n|\n|t:|1664089683\n|move|p1a: Ninetales|Aurora Veil|p1a: Ninetales\n|-sidestart|p1: 1150 Elo|move: Aurora Veil\n|move|p2a: Excadrill|Iron Head|p1a: Ninetales\n|-supereffective|p1a: Ninetales\n|-damage|p1a: Ninetales|0 fnt\n|faint|p1a: Ninetales\n|\n|-weather|Hail|[upkeep]\n|-damage|p2a: Excadrill|62\/100|[from] Hail\n|-heal|p2a: Excadrill|68\/100|[from] item: Leftovers\n|upkeep\n|inactive|hypervortexreturns has 25 seconds left this turn.\n|\n|t:|1664089696\n|switch|p1a: Arctozolt|Arctozolt|88\/100\n|-damage|p1a: Arctozolt|63\/100|[from] Stealth Rock\n|turn|45\n|inactive|hypervortexreturns has 30 seconds left.\n|\n|t:|1664089707\n|move|p1a: Arctozolt|Blizzard|p2a: Excadrill\n|-crit|p2a: Excadrill\n|-damage|p2a: Excadrill|0 fnt\n|faint|p2a: Excadrill\n|\n|-weather|Hail|[upkeep]\n|-heal|p1a: Arctozolt|69\/100|[from] item: Leftovers\n|upkeep\n|inactive|hypervortexreturns has 30 seconds left.\n|inactive|hypervortexreturns has 20 seconds left.\n|inactive|hypervortexreturns has 15 seconds left.\n|inactive|hypervortexreturns has 10 seconds left.\n|\n|t:|1664089734\n|switch|p2a: Tangrowth|Tangrowth, M|100\/100 tox\n|turn|46\n|inactive|hypervortexreturns has 20 seconds left this turn.\n|\n|t:|1664089739\n|move|p1a: Arctozolt|Substitute|p1a: Arctozolt\n|-start|p1a: Arctozolt|Substitute\n|-damage|p1a: Arctozolt|44\/100\n|move|p2a: Tangrowth|Focus Blast|p1a: Arctozolt|[miss]\n|-miss|p2a: Tangrowth|p1a: Arctozolt\n|\n|-weather|Hail|[upkeep]\n|-damage|p2a: Tangrowth|94\/100 tox|[from] Hail\n|-heal|p1a: Arctozolt|51\/100|[from] item: Leftovers\n|-damage|p2a: Tangrowth|88\/100 tox|[from] psn\n|upkeep\n|turn|47\n|inactive|hypervortexreturns has 30 seconds left this turn.\n|inactive|hypervortexreturns has 20 seconds left.\n|\n|t:|1664089750\n|move|p1a: Arctozolt|Blizzard|p2a: Tangrowth\n|-supereffective|p2a: Tangrowth\n|-damage|p2a: Tangrowth|0 fnt\n|faint|p2a: Tangrowth\n|\n|-weather|Hail|[upkeep]\n|-heal|p1a: Arctozolt|57\/100|[from] item: Leftovers\n|upkeep\n|inactive|hypervortexreturns has 25 seconds left this turn.\n|inactive|hypervortexreturns has 20 seconds left.\n|inactive|hypervortexreturns has 15 seconds left.\n|inactive|hypervortexreturns has 10 seconds left.\n|inactive|hypervortexreturns has 5 seconds left.\n|-message|hypervortexreturns lost due to inactivity.\n|\n|win|1150 Elo\n|raw|1150 Elo's rating: 1619 &rarr; <strong>1651<\/strong><br \/>(+32 for winning)\n|raw|hypervortexreturns's rating: 1868 &rarr; <strong>1836<\/strong><br \/>(-32 for losing)\n|l|\u26061150 Elo\n","uploadtime":1664089803,"views":59,"p1id":"1150elo","p2id":"hypervortexreturns","formatid":"gen8ou","rating":1651,"private":0,"password":null}