{"id":"gen8monotype-1479821062","p1":"xasahbae","p2":"Edbow","format":"gen8monotype","log":"|j|\u2606xasahbae\n|j|\u2606Edbow\n|inactive|Battle timer is ON: inactive players will automatically lose when time's up.\n|t:|1640457970\n|gametype|singles\n|player|p1|xasahbae|beauty-gen7|\n|player|p2|Edbow|waiter-gen4|\n|teamsize|p1|6\n|teamsize|p2|6\n|gen|8\n|tier|[Gen 8] Monotype\n|rated|Tournament battle\n|rule|Same Type Clause: Pok\u00e9mon in a team must share a type\n|rule|Sleep Clause Mod: Limit one foe put to sleep\n|rule|Species Clause: Limit one of each Pok\u00e9mon\n|rule|OHKO Clause: OHKO moves are banned\n|rule|Evasion Moves Clause: Evasion moves are banned\n|rule|Endless Battle Clause: Forcing endless battles is banned\n|rule|HP Percentage Mod: HP is shown in percentages\n|rule|Dynamax Clause: You cannot dynamax\n|clearpoke\n|poke|p1|Spectrier|\n|poke|p1|Blacephalon|\n|poke|p1|Gengar, M|\n|poke|p1|Mimikyu, M|\n|poke|p1|Corsola-Galar, M|\n|poke|p1|Aegislash, M|\n|poke|p2|Buzzwole|\n|poke|p2|Scizor, F|\n|poke|p2|Volcarona, F|\n|poke|p2|Vikavolt, M|\n|poke|p2|Araquanid, M|\n|poke|p2|Ribombee, F|\n|teampreview\n|j|*Lady Monita \u2744\n|j| ABDULAZIZS WORLD\n|\n|t:|1640457982\n|start\n|switch|p1a: Cocky|Blacephalon|100\/100\n|switch|p2a: Vikavolt|Vikavolt, M|100\/100\n|turn|1\n|\n|t:|1640457990\n|move|p1a: Cocky|Flamethrower|p2a: Vikavolt\n|-supereffective|p2a: Vikavolt\n|-damage|p2a: Vikavolt|13\/100\n|move|p2a: Vikavolt|Sticky Web|p1a: Cocky\n|-sidestart|p1: xasahbae|move: Sticky Web\n|\n|upkeep\n|turn|2\n|\n|t:|1640458008\n|switch|p2a: Araquanid|Araquanid, M|100\/100\n|move|p1a: Cocky|Flamethrower|p2a: Araquanid\n|-damage|p2a: Araquanid|56\/100\n|\n|upkeep\n|turn|3\n|j| GreninjaYDavid45\n|\n|t:|1640458023\n|move|p1a: Cocky|Flamethrower|p2a: Araquanid\n|-damage|p2a: Araquanid|18\/100\n|move|p2a: Araquanid|Scald|p1a: Cocky\n|-supereffective|p1a: Cocky\n|-damage|p1a: Cocky|46\/100\n|\n|upkeep\n|turn|4\n|c| ABDULAZIZS WORLD|Noice bug team\n|\n|t:|1640458032\n|move|p1a: Cocky|Flamethrower|p2a: Araquanid\n|-damage|p2a: Araquanid|0 fnt\n|faint|p2a: Araquanid\n|-ability|p1a: Cocky|Beast Boost|boost\n|-boost|p1a: Cocky|spa|1\n|\n|upkeep\n|\n|t:|1640458042\n|switch|p2a: Volcarona|Volcarona, F|100\/100\n|turn|5\n|\n|t:|1640458045\n|move|p1a: Cocky|Flamethrower|p2a: Volcarona\n|-damage|p2a: Volcarona|19\/100\n|move|p2a: Volcarona|Quiver Dance|p2a: Volcarona\n|-boost|p2a: Volcarona|spa|1\n|-boost|p2a: Volcarona|spd|1\n|-boost|p2a: Volcarona|spe|1\n|\n|upkeep\n|turn|6\n|\n|t:|1640458052\n|move|p1a: Cocky|Flamethrower|p2a: Volcarona\n|-damage|p2a: Volcarona|0 fnt\n|faint|p2a: Volcarona\n|-ability|p1a: Cocky|Beast Boost|boost\n|-boost|p1a: Cocky|spa|1\n|\n|upkeep\n|\n|t:|1640458072\n|switch|p2a: Scizor|Scizor, F|100\/100\n|turn|7\n|\n|t:|1640458075\n|move|p2a: Scizor|Bullet Punch|p1a: Cocky\n|-resisted|p1a: Cocky\n|-damage|p1a: Cocky|1\/100\n|move|p1a: Cocky|Flamethrower|p2a: Scizor\n|-supereffective|p2a: Scizor\n|-damage|p2a: Scizor|0 fnt\n|faint|p2a: Scizor\n|-ability|p1a: Cocky|Beast Boost|boost\n|-boost|p1a: Cocky|spa|1\n|\n|upkeep\n|-message|Edbow forfeited.\n|\n|win|xasahbae\n|n|\u2606xasahbae|xasahbae\n|n|\u2606Edbow|edbow\n|n|*Lady Monita \u2744|ladymonita\n|n| ABDULAZIZS WORLD|abdulazizsworld\n|n| GreninjaYDavid45|greninjaydavid45\n|l|*Lady Monita \u2744\n|l|\u2606Edbow\n|player|p1|xasahbae|beauty-gen7\n","uploadtime":1640458089,"views":14,"p1id":"xasahbae","p2id":"edbow","formatid":"gen8monotype","rating":0,"private":0,"password":null}