{"id":"gen8ou-1654848794","p1":"thementalgame","p2":"Lou dort","format":"gen8ou","log":"|j|\u2606thementalgame\n|j|\u2606Lou dort\n|inactive|Battle timer is ON: inactive players will automatically lose when time's up.\n|t:|1662176704\n|gametype|singles\n|player|p1|thementalgame|102|\n|player|p2|Lou dort|acetrainersnow|\n|teamsize|p1|6\n|teamsize|p2|6\n|gen|8\n|tier|[Gen 8] OU\n|rated|Tournament battle\n|rule|Sleep Clause Mod: Limit one foe put to sleep\n|rule|Species Clause: Limit one of each Pok\u00e9mon\n|rule|OHKO Clause: OHKO moves are banned\n|rule|Evasion Items Clause: Evasion items are banned\n|rule|Evasion Moves Clause: Evasion moves are banned\n|rule|Endless Battle Clause: Forcing endless battles is banned\n|rule|HP Percentage Mod: HP is shown in percentages\n|rule|Dynamax Clause: You cannot dynamax\n|clearpoke\n|poke|p1|Blissey, F|\n|poke|p1|Toxapex, M|\n|poke|p1|Shedinja|\n|poke|p1|Corviknight, M|\n|poke|p1|Zamazenta-*|\n|poke|p1|Ditto|\n|poke|p2|Garchomp, F|\n|poke|p2|Rotom-Wash|\n|poke|p2|Clefable, M|\n|poke|p2|Heatran, M|\n|poke|p2|Buzzwole|\n|poke|p2|Yveltal|\n|teampreview\n|inactive|Lou dort also wants the timer to be on.\n|\n|t:|1662176715\n|start\n|switch|p1a: Toxapex|Toxapex, M|100\/100\n|switch|p2a: Heatran|Heatran, M|100\/100\n|turn|1\n|\n|t:|1662176719\n|move|p2a: Heatran|Earth Power|p1a: Toxapex\n|-supereffective|p1a: Toxapex\n|-damage|p1a: Toxapex|58\/100\n|move|p1a: Toxapex|Knock Off|p2a: Heatran\n|-damage|p2a: Heatran|87\/100\n|-enditem|p2a: Heatran|Leftovers|[from] move: Knock Off|[of] p1a: Toxapex\n|\n|upkeep\n|turn|2\n|\n|t:|1662176738\n|move|p2a: Heatran|Magma Storm|p1a: Toxapex\n|-resisted|p1a: Toxapex\n|-damage|p1a: Toxapex|42\/100\n|-activate|p1a: Toxapex|move: Magma Storm|[of] p2a: Heatran\n|move|p1a: Toxapex|Spite|p2a: Heatran\n|-activate|p2a: Heatran|move: Spite|Magma Storm|4\n|\n|-damage|p1a: Toxapex|30\/100|[from] move: Magma Storm|[partiallytrapped]\n|upkeep\n|turn|3\n|\n|t:|1662176745\n|switch|p1a: Ditto|Ditto, shiny|100\/100\n|-transform|p1a: Ditto|p2a: Heatran|[from] ability: Imposter\n|-item|p1a: Ditto|Air Balloon\n|move|p2a: Heatran|Earth Power|p1a: Ditto\n|-immune|p1a: Ditto\n|\n|upkeep\n|turn|4\n|\n|t:|1662176755\n|switch|p2a: Rotom|Rotom-Wash|100\/100\n|move|p1a: Ditto|Toxic|p2a: Rotom\n|-status|p2a: Rotom|tox\n|\n|-damage|p2a: Rotom|94\/100 tox|[from] psn\n|upkeep\n|turn|5\n|\n|t:|1662176764\n|switch|p1a: Blissey|Blissey, F|100\/100\n|move|p2a: Rotom|Hydro Pump|p1a: Blissey\n|-damage|p1a: Blissey|85\/100\n|\n|-damage|p2a: Rotom|82\/100 tox|[from] psn\n|upkeep\n|turn|6\n|\n|t:|1662176775\n|switch|p2a: Buzzwole|Buzzwole|100\/100\n|move|p1a: Blissey|Stealth Rock|p2a: Buzzwole\n|-sidestart|p2: Lou dort|move: Stealth Rock\n|\n|upkeep\n|turn|7\n|j| Okitsegg\n|c| Okitsegg|Rip lou dort\n|\n|t:|1662176788\n|switch|p2a: Yveltal|Yveltal|100\/100\n|-ability|p2a: Yveltal|Dark Aura\n|switch|p1a: Corviknight|Corviknight, M|100\/100\n|-ability|p1a: Corviknight|Pressure\n|\n|upkeep\n|turn|8\n|inactive|thementalgame has 120 seconds left.\n|\n|t:|1662176832\n|switch|p1a: Toxapex|Toxapex, M|64\/100\n|move|p2a: Yveltal|Heat Wave|p1a: Toxapex\n|-resisted|p1a: Toxapex\n|-damage|p1a: Toxapex|55\/100\n|\n|upkeep\n|turn|9\n|\n|t:|1662176856\n|move|p2a: Yveltal|Knock Off|p1a: Toxapex\n|-damage|p1a: Toxapex|17\/100\n|-enditem|p1a: Toxapex|Shed Shell|[from] move: Knock Off|[of] p2a: Yveltal\n|move|p1a: Toxapex|Knock Off|p2a: Yveltal\n|-resisted|p2a: Yveltal\n|-damage|p2a: Yveltal|92\/100\n|-enditem|p2a: Yveltal|Heavy-Duty Boots|[from] move: Knock Off|[of] p1a: Toxapex\n|\n|upkeep\n|turn|10\n|\n|t:|1662176868\n|switch|p1a: Blissey|Blissey, F|85\/100\n|move|p2a: Yveltal|Heat Wave|p1a: Blissey|[miss]\n|-miss|p2a: Yveltal|p1a: Blissey\n|\n|upkeep\n|turn|11\n|\n|t:|1662176884\n|move|p2a: Yveltal|Defog|p1a: Blissey\n|-unboost|p1a: Blissey|evasion|1\n|-sideend|p2: Lou dort|Stealth Rock|[from] move: Defog|[of] p2a: Yveltal\n|move|p1a: Blissey|Seismic Toss|p2a: Yveltal\n|-damage|p2a: Yveltal|67\/100\n|\n|upkeep\n|turn|12\n|\n|t:|1662176891\n|switch|p2a: Buzzwole|Buzzwole|100\/100\n|switch|p1a: Toxapex|Toxapex, M|50\/100\n|\n|upkeep\n|turn|13\n|\n|t:|1662176903\n|move|p2a: Buzzwole|Earthquake|p1a: Toxapex\n|-supereffective|p1a: Toxapex\n|-damage|p1a: Toxapex|0 fnt\n|faint|p1a: Toxapex\n|-ability|p2a: Buzzwole|Beast Boost|boost\n|-boost|p2a: Buzzwole|atk|1\n|\n|upkeep\n|\n|t:|1662176908\n|switch|p1a: Ditto|Ditto, shiny|100\/100\n|-transform|p1a: Ditto|p2a: Buzzwole|[from] ability: Imposter\n|-item|p1a: Ditto|Air Balloon\n|turn|14\n|\n|t:|1662176913\n|switch|p1a: Shedinja|Shedinja|100\/100\n|move|p2a: Buzzwole|Ice Punch|p1a: Shedinja\n|-immune|p1a: Shedinja|[from] ability: Wonder Guard\n|\n|upkeep\n|turn|15\n|inactive|thementalgame has 120 seconds left.\n|\n|t:|1662176920\n|switch|p2a: Rotom|Rotom-Wash|82\/100 tox\n|move|p1a: Shedinja|Toxic|p2a: Rotom\n|-fail|p2a: Rotom|tox\n|\n|-damage|p2a: Rotom|75\/100 tox|[from] psn\n|upkeep\n|turn|16\n|\n|t:|1662176925\n|move|p1a: Shedinja|Protect|p1a: Shedinja\n|-singleturn|p1a: Shedinja|Protect\n|move|p2a: Rotom|Trick|p1a: Shedinja\n|-activate|p1a: Shedinja|move: Protect\n|\n|-damage|p2a: Rotom|63\/100 tox|[from] psn\n|upkeep\n|turn|17\n|inactive|thementalgame has 120 seconds left.\n|\n|t:|1662176945\n|switch|p2a: Heatran|Heatran, M|87\/100\n|switch|p1a: Ditto|Ditto, shiny|100\/100\n|-transform|p1a: Ditto|p2a: Heatran|[from] ability: Imposter\n|-item|p1a: Ditto|Air Balloon\n|\n|upkeep\n|turn|18\n|inactive|Lou dort has 120 seconds left.\n|\n|t:|1662176977\n|switch|p2a: Rotom|Rotom-Wash|63\/100 tox\n|move|p1a: Ditto|Magma Storm|p2a: Rotom\n|-resisted|p2a: Rotom\n|-damage|p2a: Rotom|46\/100 tox\n|-activate|p2a: Rotom|move: Magma Storm|[of] p1a: Ditto\n|\n|-damage|p2a: Rotom|40\/100 tox|[from] psn\n|-damage|p2a: Rotom|27\/100 tox|[from] move: Magma Storm|[partiallytrapped]\n|upkeep\n|turn|19\n|\n|t:|1662176984\n|switch|p1a: Shedinja|Shedinja|100\/100\n|move|p2a: Rotom|Trick|p1a: Shedinja\n|-activate|p2a: Rotom|move: Trick|[of] p1a: Shedinja\n|-item|p1a: Shedinja|Choice Scarf|[from] move: Trick\n|-item|p2a: Rotom|Heavy-Duty Boots|[from] move: Trick\n|\n|-damage|p2a: Rotom|15\/100 tox|[from] psn\n|-end|p2a: Rotom|Magma Storm|[partiallytrapped]|[silent]\n|upkeep\n|turn|20\n|\n|t:|1662177005\n|switch|p2a: Clefable|Clefable, M, shiny|100\/100\n|move|p1a: Shedinja|Toxic|p2a: Clefable\n|-status|p2a: Clefable|tox\n|\n|upkeep\n|turn|21\n|\n|t:|1662177014\n|switch|p1a: Blissey|Blissey, F|85\/100\n|move|p2a: Clefable|Calm Mind|p2a: Clefable\n|-boost|p2a: Clefable|spa|1\n|-boost|p2a: Clefable|spd|1\n|\n|upkeep\n|turn|22\n|\n|t:|1662177019\n|move|p2a: Clefable|Calm Mind|p2a: Clefable\n|-boost|p2a: Clefable|spa|1\n|-boost|p2a: Clefable|spd|1\n|move|p1a: Blissey|Stealth Rock|p2a: Clefable\n|-sidestart|p2: Lou dort|move: Stealth Rock\n|\n|upkeep\n|turn|23\n|\n|t:|1662177029\n|move|p2a: Clefable|Flamethrower|p1a: Blissey\n|-damage|p1a: Blissey|64\/100\n|move|p1a: Blissey|Seismic Toss|p2a: Clefable\n|-damage|p2a: Clefable|75\/100 tox\n|\n|upkeep\n|turn|24\n|\n|t:|1662177032\n|move|p2a: Clefable|Moonblast|p1a: Blissey\n|-damage|p1a: Blissey|34\/100\n|-unboost|p1a: Blissey|spa|1\n|move|p1a: Blissey|Soft-Boiled|p1a: Blissey\n|-heal|p1a: Blissey|84\/100\n|\n|upkeep\n|turn|25\n|\n|t:|1662177037\n|move|p2a: Clefable|Calm Mind|p2a: Clefable\n|-boost|p2a: Clefable|spa|1\n|-boost|p2a: Clefable|spd|1\n|move|p1a: Blissey|Teleport|p1a: Blissey\n|\n|t:|1662177040\n|switch|p1a: Zamazenta|Zamazenta-Crowned|100\/100|[from]move: Teleport\n|-ability|p1a: Zamazenta|Dauntless Shield|boost\n|-boost|p1a: Zamazenta|def|1\n|\n|upkeep\n|turn|26\n|\n|t:|1662177042\n|move|p1a: Zamazenta|Behemoth Bash|p2a: Clefable\n|-supereffective|p2a: Clefable\n|-damage|p2a: Clefable|5\/100 tox\n|move|p2a: Clefable|Soft-Boiled|p2a: Clefable\n|-heal|p2a: Clefable|55\/100 tox\n|\n|upkeep\n|turn|27\n|\n|t:|1662177046\n|switch|p2a: Buzzwole|Buzzwole|100\/100\n|-damage|p2a: Buzzwole|88\/100|[from] Stealth Rock\n|move|p1a: Zamazenta|Behemoth Bash|p2a: Buzzwole\n|-damage|p2a: Buzzwole|62\/100\n|-damage|p1a: Zamazenta|84\/100|[from] item: Rocky Helmet|[of] p2a: Buzzwole\n|\n|upkeep\n|turn|28\n|\n|t:|1662177054\n|switch|p1a: Shedinja|Shedinja|100\/100\n|move|p2a: Buzzwole|Roost|p2a: Buzzwole\n|-heal|p2a: Buzzwole|100\/100\n|-singleturn|p2a: Buzzwole|move: Roost\n|\n|upkeep\n|turn|29\n|\n|t:|1662177064\n|switch|p2a: Heatran|Heatran, M|87\/100\n|-damage|p2a: Heatran|74\/100|[from] Stealth Rock\n|move|p1a: Shedinja|Hex|p2a: Heatran\n|-damage|p2a: Heatran|64\/100\n|\n|upkeep\n|turn|30\n|\n|t:|1662177071\n|switch|p1a: Ditto|Ditto, shiny|100\/100\n|-transform|p1a: Ditto|p2a: Heatran|[from] ability: Imposter\n|-item|p1a: Ditto|Air Balloon\n|switch|p2a: Yveltal|Yveltal|67\/100\n|-damage|p2a: Yveltal|42\/100|[from] Stealth Rock\n|-ability|p2a: Yveltal|Dark Aura\n|\n|upkeep\n|turn|31\n|\n|t:|1662177084\n|move|p2a: Yveltal|Roost|p2a: Yveltal\n|-heal|p2a: Yveltal|92\/100\n|-singleturn|p2a: Yveltal|move: Roost\n|move|p1a: Ditto|Toxic|p2a: Yveltal\n|-status|p2a: Yveltal|tox\n|\n|-damage|p2a: Yveltal|86\/100 tox|[from] psn\n|upkeep\n|turn|32\n|\n|t:|1662177095\n|switch|p1a: Blissey|Blissey, F|84\/100\n|move|p2a: Yveltal|Defog|p1a: Blissey\n|-unboost|p1a: Blissey|evasion|1\n|-sideend|p2: Lou dort|Stealth Rock|[from] move: Defog|[of] p2a: Yveltal\n|\n|-damage|p2a: Yveltal|74\/100 tox|[from] psn\n|upkeep\n|turn|33\n|\n|t:|1662177100\n|move|p2a: Yveltal|Knock Off|p1a: Blissey\n|-damage|p1a: Blissey|35\/100\n|-enditem|p1a: Blissey|Heavy-Duty Boots|[from] move: Knock Off|[of] p2a: Yveltal\n|move|p1a: Blissey|Stealth Rock|p2a: Yveltal\n|-sidestart|p2: Lou dort|move: Stealth Rock\n|\n|-damage|p2a: Yveltal|56\/100 tox|[from] psn\n|upkeep\n|turn|34\n|\n|t:|1662177103\n|move|p2a: Yveltal|Knock Off|p1a: Blissey\n|-damage|p1a: Blissey|0 fnt\n|faint|p1a: Blissey\n|\n|-damage|p2a: Yveltal|31\/100 tox|[from] psn\n|upkeep\n|l| Okitsegg\n|\n|t:|1662177130\n|switch|p1a: Shedinja|Shedinja|100\/100\n|turn|35\n|\n|t:|1662177138\n|move|p2a: Yveltal|Roost|p2a: Yveltal\n|-heal|p2a: Yveltal|82\/100 tox\n|-singleturn|p2a: Yveltal|move: Roost\n|move|p1a: Shedinja|Hex|p2a: Yveltal\n|-resisted|p2a: Yveltal\n|-damage|p2a: Yveltal|70\/100 tox\n|\n|-damage|p2a: Yveltal|40\/100 tox|[from] psn\n|upkeep\n|turn|36\n|\n|t:|1662177154\n|switch|p2a: Garchomp|Garchomp, F|100\/100\n|-damage|p2a: Garchomp|94\/100|[from] Stealth Rock\n|move|p1a: Shedinja|Hex|p2a: Garchomp\n|-crit|p2a: Garchomp\n|-damage|p2a: Garchomp|75\/100\n|\n|-heal|p2a: Garchomp|81\/100|[from] item: Leftovers\n|upkeep\n|turn|37\n|\n|t:|1662177160\n|switch|p1a: Corviknight|Corviknight, M|100\/100\n|-ability|p1a: Corviknight|Pressure\n|move|p2a: Garchomp|Stealth Rock|p1a: Corviknight\n|-sidestart|p1: thementalgame|move: Stealth Rock\n|\n|-heal|p2a: Garchomp|87\/100|[from] item: Leftovers\n|upkeep\n|turn|38\n|\n|t:|1662177174\n|switch|p2a: Clefable|Clefable, M, shiny|55\/100 tox\n|move|p1a: Corviknight|Iron Defense|p1a: Corviknight\n|-boost|p1a: Corviknight|def|2\n|\n|upkeep\n|turn|39\n|\n|t:|1662177183\n|move|p1a: Corviknight|Defog|p2a: Clefable\n|-unboost|p2a: Clefable|evasion|1\n|-sideend|p2: Lou dort|Stealth Rock|[from] move: Defog|[of] p1a: Corviknight\n|-sideend|p1: thementalgame|Stealth Rock|[from] move: Defog|[of] p1a: Corviknight\n|move|p2a: Clefable|Flamethrower|p1a: Corviknight\n|-supereffective|p1a: Corviknight\n|-damage|p1a: Corviknight|51\/100\n|\n|upkeep\n|turn|40\n|\n|t:|1662177189\n|move|p2a: Clefable|Calm Mind|p2a: Clefable\n|-boost|p2a: Clefable|spa|1\n|-boost|p2a: Clefable|spd|1\n|move|p1a: Corviknight|Roost|p1a: Corviknight\n|-heal|p1a: Corviknight|100\/100\n|-singleturn|p1a: Corviknight|move: Roost\n|\n|upkeep\n|turn|41\n|\n|t:|1662177202\n|switch|p1a: Shedinja|Shedinja|100\/100\n|move|p2a: Clefable|Flamethrower|p1a: Shedinja\n|-supereffective|p1a: Shedinja\n|-damage|p1a: Shedinja|0 fnt\n|faint|p1a: Shedinja\n|\n|upkeep\n|\n|t:|1662177205\n|switch|p1a: Zamazenta|Zamazenta-Crowned|84\/100\n|-ability|p1a: Zamazenta|Dauntless Shield|boost\n|-boost|p1a: Zamazenta|def|1\n|turn|42\n|\n|t:|1662177211\n|switch|p2a: Buzzwole|Buzzwole|100\/100\n|move|p1a: Zamazenta|Behemoth Bash|p2a: Buzzwole\n|-damage|p2a: Buzzwole|74\/100\n|-damage|p1a: Zamazenta|67\/100|[from] item: Rocky Helmet|[of] p2a: Buzzwole\n|\n|upkeep\n|turn|43\n|\n|t:|1662177218\n|switch|p1a: Corviknight|Corviknight, M|100\/100\n|-ability|p1a: Corviknight|Pressure\n|move|p2a: Buzzwole|Close Combat|p1a: Corviknight\n|-damage|p1a: Corviknight|61\/100\n|-unboost|p2a: Buzzwole|def|1\n|-unboost|p2a: Buzzwole|spd|1\n|-damage|p2a: Buzzwole|58\/100|[from] item: Rocky Helmet|[of] p1a: Corviknight\n|\n|upkeep\n|turn|44\n|j| strangestger\n|\n|t:|1662177226\n|switch|p2a: Clefable|Clefable, M, shiny|55\/100 tox\n|move|p1a: Corviknight|Iron Defense|p1a: Corviknight\n|-boost|p1a: Corviknight|def|2\n|\n|upkeep\n|turn|45\n|\n|t:|1662177230\n|move|p1a: Corviknight|Body Press|p2a: Clefable\n|-resisted|p2a: Clefable\n|-damage|p2a: Clefable|35\/100 tox\n|move|p2a: Clefable|Calm Mind|p2a: Clefable\n|-boost|p2a: Clefable|spa|1\n|-boost|p2a: Clefable|spd|1\n|\n|upkeep\n|turn|46\n|\n|t:|1662177241\n|move|p2a: Clefable|Soft-Boiled|p2a: Clefable\n|-heal|p2a: Clefable|85\/100 tox\n|move|p1a: Corviknight|Roost|p1a: Corviknight\n|-heal|p1a: Corviknight|100\/100\n|-singleturn|p1a: Corviknight|move: Roost\n|\n|upkeep\n|turn|47\n|\n|t:|1662177247\n|move|p2a: Clefable|Flamethrower|p1a: Corviknight\n|-supereffective|p1a: Corviknight\n|-damage|p1a: Corviknight|24\/100\n|move|p1a: Corviknight|Iron Defense|p1a: Corviknight\n|-boost|p1a: Corviknight|def|2\n|\n|upkeep\n|turn|48\n|\n|t:|1662177251\n|move|p2a: Clefable|Flamethrower|p1a: Corviknight\n|-supereffective|p1a: Corviknight\n|-damage|p1a: Corviknight|0 fnt\n|faint|p1a: Corviknight\n|\n|upkeep\n|j| Okitsegg\n|\n|t:|1662177254\n|switch|p1a: Ditto|Ditto, shiny|100\/100\n|-transform|p1a: Ditto|p2a: Clefable|[from] ability: Imposter\n|-item|p1a: Ditto|Air Balloon\n|turn|49\n|\n|t:|1662177257\n|move|p1a: Ditto|Moonblast|p2a: Clefable\n|-damage|p2a: Clefable|55\/100 tox\n|-unboost|p2a: Clefable|spa|1\n|move|p2a: Clefable|Moonblast|p1a: Ditto\n|-damage|p1a: Ditto|64\/100\n|-unboost|p1a: Ditto|spa|1\n|-enditem|p1a: Ditto|Air Balloon\n|\n|upkeep\n|turn|50\n|\n|t:|1662177263\n|switch|p2a: Heatran|Heatran, M|64\/100\n|move|p1a: Ditto|Moonblast|p2a: Heatran\n|-resisted|p2a: Heatran\n|-damage|p2a: Heatran|59\/100\n|-unboost|p2a: Heatran|spa|1\n|\n|upkeep\n|turn|51\n|\n|t:|1662177267\n|switch|p1a: Zamazenta|Zamazenta-Crowned|67\/100\n|-ability|p1a: Zamazenta|Dauntless Shield|boost\n|-boost|p1a: Zamazenta|def|1\n|move|p2a: Heatran|Earth Power|p1a: Zamazenta\n|-supereffective|p1a: Zamazenta\n|-damage|p1a: Zamazenta|50\/100\n|\n|upkeep\n|turn|52\n|\n|t:|1662177275\n|switch|p2a: Garchomp|Garchomp, F|87\/100\n|move|p1a: Zamazenta|Close Combat|p2a: Garchomp\n|-damage|p2a: Garchomp|45\/100\n|-unboost|p1a: Zamazenta|def|1\n|-unboost|p1a: Zamazenta|spd|1\n|-damage|p1a: Zamazenta|38\/100|[from] ability: Rough Skin|[of] p2a: Garchomp\n|\n|-heal|p2a: Garchomp|51\/100|[from] item: Leftovers\n|upkeep\n|turn|53\n|\n|t:|1662177282\n|move|p1a: Zamazenta|Rest|p1a: Zamazenta\n|-status|p1a: Zamazenta|slp|[from] move: Rest\n|-heal|p1a: Zamazenta|100\/100 slp|[silent]\n|move|p2a: Garchomp|Stealth Rock|p1a: Zamazenta\n|-sidestart|p1: thementalgame|move: Stealth Rock\n|\n|-heal|p2a: Garchomp|57\/100|[from] item: Leftovers\n|upkeep\n|turn|54\n|\n|t:|1662177288\n|cant|p1a: Zamazenta|slp\n|move|p1a: Zamazenta|Sleep Talk|p1a: Zamazenta\n|move|p1a: Zamazenta|Rest||[from]move: Sleep Talk|[still]\n|-fail|p1a: Zamazenta\n|move|p2a: Garchomp|Earthquake|p1a: Zamazenta\n|-supereffective|p1a: Zamazenta\n|-damage|p1a: Zamazenta|52\/100 slp\n|\n|-heal|p2a: Garchomp|64\/100|[from] item: Leftovers\n|upkeep\n|turn|55\n|\n|t:|1662177294\n|cant|p1a: Zamazenta|slp\n|move|p1a: Zamazenta|Sleep Talk|p1a: Zamazenta\n|move|p1a: Zamazenta|Rest||[from]move: Sleep Talk|[still]\n|-fail|p1a: Zamazenta\n|move|p2a: Garchomp|Earthquake|p1a: Zamazenta\n|-supereffective|p1a: Zamazenta\n|-damage|p1a: Zamazenta|0 fnt\n|faint|p1a: Zamazenta\n|\n|-heal|p2a: Garchomp|70\/100|[from] item: Leftovers\n|upkeep\n|-message|thementalgame forfeited.\n|\n|win|Lou dort\n|n|\u2606thementalgame|thementalgame\n|n|\u2606Lou dort|loudort\n|n| strangestger|strangestger\n|n| Okitsegg|okitsegg\n|l|\u2606thementalgame\n|c|\u2606Lou dort|ez\n|l| strangestger\n","uploadtime":1662177311,"views":28,"p1id":"thementalgame","p2id":"loudort","formatid":"gen8ou","rating":0,"private":0,"password":null}