{"id":"gen8ou-1145333286","p1":"Naruwuto","p2":"cold.exe","format":"gen8ou","log":"|j|\u2606Naruwuto\n|j|\u2606cold.exe\n|player|p1|Naruwuto|battlegirl-gen4|1381\n|player|p2|cold.exe|flannery|1331\n|teamsize|p1|6\n|teamsize|p2|6\n|gametype|singles\n|gen|8\n|tier|[Gen 8] OU\n|rated|\n|clearpoke\n|poke|p1|Chansey, F|\n|poke|p1|Quagsire, F|\n|poke|p1|Toxapex, F|\n|poke|p1|Mandibuzz, F|\n|poke|p1|Reuniclus, F|\n|poke|p1|Clefable, F|\n|poke|p2|Diggersby, F|\n|poke|p2|Azumarill, F|\n|poke|p2|Mandibuzz, F|\n|poke|p2|Rotom-Heat|\n|poke|p2|Rillaboom, M|\n|poke|p2|Cinderace, M|\n|rule|Sleep Clause Mod: Limit one foe put to sleep\n|rule|Species Clause: Limit one of each Pok\u00e9mon\n|rule|OHKO Clause: OHKO moves are banned\n|rule|Evasion Moves Clause: Evasion moves are banned\n|rule|Endless Battle Clause: Forcing endless battles is banned\n|rule|HP Percentage Mod: HP is shown in percentages\n|rule|Dynamax Clause: You cannot dynamax\n|teampreview\n|\n|start\n|switch|p1a: Toxapex|Toxapex, F|100\/100\n|switch|p2a: Bruh|Cinderace, M|100\/100\n|turn|1\n|\n|move|p2a: Bruh|Electro Ball|p1a: Toxapex\n|-start|p2a: Bruh|typechange|Electric|[from] ability: Libero\n|-supereffective|p1a: Toxapex\n|-damage|p1a: Toxapex|8\/100\n|-damage|p2a: Bruh|91\/100|[from] item: Life Orb\n|move|p1a: Toxapex|Toxic Spikes|p2a: Bruh\n|-sidestart|p2: cold.exe|move: Toxic Spikes\n|\n|-heal|p1a: Toxapex|14\/100|[from] item: Black Sludge\n|upkeep\n|turn|2\n|\n|switch|p2a: Diggersby|Diggersby, F|100\/100\n|-status|p2a: Diggersby|psn\n|switch|p1a: Quagsire|Quagsire, F|100\/100\n|\n|-damage|p2a: Diggersby|88\/100 psn|[from] psn\n|upkeep\n|turn|3\n|\n|move|p2a: Diggersby|Body Slam|p1a: Quagsire\n|-damage|p1a: Quagsire|42\/100\n|-status|p1a: Quagsire|par\n|move|p1a: Quagsire|Scald|p2a: Diggersby\n|-supereffective|p2a: Diggersby\n|-damage|p2a: Diggersby|36\/100 psn\n|\n|-heal|p1a: Quagsire|48\/100 par|[from] item: Leftovers\n|-damage|p2a: Diggersby|24\/100 psn|[from] psn\n|upkeep\n|turn|4\n|\n|switch|p1a: Clefable|Clefable, F|100\/100\n|move|p2a: Diggersby|Body Slam|p1a: Clefable\n|-damage|p1a: Clefable|36\/100\n|\n|-damage|p2a: Diggersby|11\/100 psn|[from] psn\n|upkeep\n|turn|5\n|inactive|Battle timer is ON: inactive players will automatically lose when time's up. (requested by Naruwuto)\n|\n|switch|p1a: Toxapex|Toxapex, F|48\/100\n|move|p2a: Diggersby|Body Slam|p1a: Toxapex\n|-damage|p1a: Toxapex|0 fnt\n|faint|p1a: Toxapex\n|\n|-damage|p2a: Diggersby|0 fnt|[from] psn\n|faint|p2a: Diggersby\n|upkeep\n|\n|switch|p2a: Mandibuzz|Mandibuzz, F|100\/100\n|switch|p1a: Chansey|Chansey, F|100\/100\n|turn|6\n|\n|move|p2a: Mandibuzz|Defog|p1a: Chansey\n|-unboost|p1a: Chansey|evasion|1\n|-sideend|p2: cold.exe|Toxic Spikes|[from] move: Defog|[of] p2a: Mandibuzz\n|move|p1a: Chansey|Thunder Wave|p2a: Mandibuzz\n|-status|p2a: Mandibuzz|par\n|\n|upkeep\n|turn|7\n|inactive|Naruwuto has 120 seconds left.\n|\n|switch|p1a: Clefable|Clefable, F|36\/100\n|move|p2a: Mandibuzz|U-turn|p1a: Clefable\n|-resisted|p1a: Clefable\n|-damage|p1a: Clefable|32\/100\n|\n|switch|p2a: Azumarill|Azumarill, F|100\/100|[from]move: U-turn\n|\n|upkeep\n|turn|8\n|\n|move|p2a: Azumarill|Liquidation|p1a: Clefable\n|-damage|p1a: Clefable|0 fnt\n|faint|p1a: Clefable\n|\n|upkeep\n|\n|switch|p1a: Quagsire|Quagsire, F|48\/100 par\n|turn|9\n|\n|move|p2a: Azumarill|Liquidation|p1a: Quagsire\n|-damage|p1a: Quagsire|0 fnt\n|faint|p1a: Quagsire\n|\n|upkeep\n|\n|switch|p1a: Reuniclus|Reuniclus, F|100\/100\n|turn|10\n|\n|move|p2a: Azumarill|Liquidation|p1a: Reuniclus\n|-damage|p1a: Reuniclus|45\/100\n|move|p1a: Reuniclus|Focus Blast|p2a: Azumarill|[miss]\n|-miss|p1a: Reuniclus|p2a: Azumarill\n|\n|upkeep\n|turn|11\n|\n|switch|p1a: Mandibuzz|Mandibuzz, F|100\/100\n|move|p2a: Azumarill|Liquidation|p1a: Mandibuzz\n|-damage|p1a: Mandibuzz|39\/100\n|\n|upkeep\n|turn|12\n|\n|switch|p1a: Chansey|Chansey, F|100\/100\n|move|p2a: Azumarill|Liquidation|p1a: Chansey\n|-damage|p1a: Chansey|50\/100\n|\n|upkeep\n|turn|13\n|\n|move|p2a: Azumarill|Liquidation|p1a: Chansey\n|-damage|p1a: Chansey|2\/100\n|-unboost|p1a: Chansey|def|1\n|move|p1a: Chansey|Soft-Boiled|p1a: Chansey\n|-heal|p1a: Chansey|52\/100\n|\n|upkeep\n|turn|14\n|\n|switch|p1a: Reuniclus|Reuniclus, F|45\/100\n|move|p2a: Azumarill|Liquidation|p1a: Reuniclus\n|-damage|p1a: Reuniclus|0 fnt\n|faint|p1a: Reuniclus\n|\n|upkeep\n|\n|switch|p1a: Chansey|Chansey, F|52\/100\n|turn|15\n|\n|move|p2a: Azumarill|Liquidation|p1a: Chansey\n|-crit|p1a: Chansey\n|-damage|p1a: Chansey|0 fnt\n|faint|p1a: Chansey\n|\n|upkeep\n|\n|switch|p1a: Mandibuzz|Mandibuzz, F|39\/100\n|turn|16\n|\n|move|p2a: Azumarill|Liquidation|p1a: Mandibuzz\n|-crit|p1a: Mandibuzz\n|-damage|p1a: Mandibuzz|0 fnt\n|faint|p1a: Mandibuzz\n|\n|win|cold.exe\n|raw|Naruwuto's rating: 1381 &rarr; <strong>1358<\/strong><br \/>(-23 for losing)\n|raw|cold.exe's rating: 1331 &rarr; <strong>1354<\/strong><br \/>(+23 for winning)\n","uploadtime":1593918692,"views":22,"p1id":"naruwuto","p2id":"coldexe","formatid":"gen8ou","rating":1354,"private":0,"password":null}