{"id":"gen8ou-1373490442","p1":"GuyguyLaMenace","p2":"LT82ZW GLASS","format":"gen8ou","log":"|raw|<div class=\"broadcast-blue\"><strong>This battle is required to be public due to a player having a name starting with 'lt82zw'.<\/div>\n|j|\u2606GuyguyLaMenace\n|j|\u2606LT82ZW GLASS\n|t:|1625826003\n|gametype|singles\n|player|p1|GuyguyLaMenace|volkner|1637\n|player|p2|LT82ZW GLASS|1|1659\n|teamsize|p1|6\n|teamsize|p2|6\n|gen|8\n|tier|[Gen 8] OU\n|rated|\n|rule|Sleep Clause Mod: Limit one foe put to sleep\n|rule|Species Clause: Limit one of each Pok\u00e9mon\n|rule|OHKO Clause: OHKO moves are banned\n|rule|Evasion Moves Clause: Evasion moves are banned\n|rule|Endless Battle Clause: Forcing endless battles is banned\n|rule|HP Percentage Mod: HP is shown in percentages\n|rule|Dynamax Clause: You cannot dynamax\n|clearpoke\n|poke|p1|Magnezone|\n|poke|p1|Kyurem|\n|poke|p1|Dragonite, F|\n|poke|p1|Regidrago|\n|poke|p1|Garchomp, M|\n|poke|p1|Tapu Lele|\n|poke|p2|Weavile, M|\n|poke|p2|Ninetales-Alola, F|\n|poke|p2|Landorus-Therian, M|\n|poke|p2|Cloyster, F|\n|poke|p2|Dragapult, M|\n|poke|p2|Kartana|\n|teampreview\n|inactive|Battle timer is ON: inactive players will automatically lose when time's up. (requested by LT82ZW GLASS)\n|j|+Lunala\n|j| Romeo3\n|\n|t:|1625826017\n|start\n|switch|p1a: Garchomp|Garchomp, M|100\/100\n|switch|p2a: Ninetales|Ninetales-Alola, F|100\/100\n|-weather|Hail|[from] ability: Snow Warning|[of] p2a: Ninetales\n|turn|1\n|\n|t:|1625826022\n|move|p1a: Garchomp|Iron Head|p2a: Ninetales\n|-supereffective|p2a: Ninetales\n|-damage|p2a: Ninetales|0 fnt\n|faint|p2a: Ninetales\n|\n|-weather|Hail|[upkeep]\n|-damage|p1a: Garchomp|94\/100|[from] Hail\n|upkeep\n|\n|t:|1625826027\n|switch|p2a: Cloyster|Cloyster, F|100\/100\n|turn|2\n|j|+Aberforth\n|\n|t:|1625826031\n|switch|p1a: Magnezone|Magnezone|100\/100\n|move|p2a: Cloyster|Shell Smash|p2a: Cloyster\n|-unboost|p2a: Cloyster|def|1\n|-unboost|p2a: Cloyster|spd|1\n|-boost|p2a: Cloyster|atk|2\n|-boost|p2a: Cloyster|spa|2\n|-boost|p2a: Cloyster|spe|2\n|\n|-weather|Hail|[upkeep]\n|-damage|p1a: Magnezone|94\/100|[from] Hail\n|upkeep\n|turn|3\n|\n|t:|1625826033\n|move|p2a: Cloyster|Icicle Spear|p1a: Magnezone\n|-resisted|p1a: Magnezone\n|-damage|p1a: Magnezone|83\/100\n|-resisted|p1a: Magnezone\n|-damage|p1a: Magnezone|71\/100\n|-resisted|p1a: Magnezone\n|-damage|p1a: Magnezone|57\/100\n|-resisted|p1a: Magnezone\n|-damage|p1a: Magnezone|45\/100\n|-resisted|p1a: Magnezone\n|-damage|p1a: Magnezone|31\/100\n|-hitcount|p1a: Magnezone|5\n|move|p1a: Magnezone|Volt Switch|p2a: Cloyster\n|-supereffective|p2a: Cloyster\n|-damage|p2a: Cloyster|0 fnt\n|faint|p2a: Cloyster\n|\n|t:|1625826037\n|switch|p1a: Tapu Lele|Tapu Lele|100\/100|[from]move: Volt Switch\n|-fieldstart|move: Psychic Terrain|[from] ability: Psychic Surge|[of] p1a: Tapu Lele\n|\n|-weather|Hail|[upkeep]\n|-damage|p1a: Tapu Lele|94\/100|[from] Hail\n|upkeep\n|\n|t:|1625826041\n|switch|p2a: Weavile|Weavile, M|100\/100\n|-ability|p2a: Weavile|Pressure\n|turn|4\n|\n|t:|1625826046\n|move|p1a: Tapu Lele|Moonblast|p2a: Weavile\n|-supereffective|p2a: Weavile\n|-damage|p2a: Weavile|0 fnt\n|faint|p2a: Weavile\n|\n|-weather|Hail|[upkeep]\n|-damage|p1a: Tapu Lele|88\/100|[from] Hail\n|upkeep\n|j| LT82ZW Mystical\n|l|+Lunala\n|\n|t:|1625826051\n|switch|p2a: Kartana|Kartana|100\/100\n|turn|5\n|\n|t:|1625826067\n|switch|p1a: Dragonite|Dragonite, F|100\/100\n|move|p2a: Kartana|Knock Off|p1a: Dragonite\n|-damage|p1a: Dragonite|79\/100\n|-enditem|p1a: Dragonite|Heavy-Duty Boots|[from] move: Knock Off|[of] p2a: Kartana\n|-damage|p2a: Kartana|91\/100|[from] item: Life Orb\n|\n|-weather|none\n|upkeep\n|turn|6\n|\n|t:|1625826071\n|switch|p2a: Dragapult|Dragapult, M|100\/100\n|move|p1a: Dragonite|Ice Punch|p2a: Dragapult\n|-supereffective|p2a: Dragapult\n|-damage|p2a: Dragapult|18\/100\n|-enditem|p2a: Dragapult|Weakness Policy\n|-boost|p2a: Dragapult|atk|2|[from] item: Weakness Policy\n|-boost|p2a: Dragapult|spa|2|[from] item: Weakness Policy\n|\n|upkeep\n|turn|7\n|\n|t:|1625826077\n|move|p2a: Dragapult|Dragon Darts|p1a: Dragonite\n|-supereffective|p1a: Dragonite\n|-damage|p1a: Dragonite|0 fnt\n|faint|p1a: Dragonite\n|\n|-fieldend|move: Psychic Terrain\n|upkeep\n|\n|t:|1625826083\n|switch|p1a: Tapu Lele|Tapu Lele|88\/100\n|-fieldstart|move: Psychic Terrain|[from] ability: Psychic Surge|[of] p1a: Tapu Lele\n|turn|8\n|\n|t:|1625826086\n|move|p1a: Tapu Lele|Moonblast|p2a: Dragapult\n|-supereffective|p2a: Dragapult\n|-damage|p2a: Dragapult|0 fnt\n|faint|p2a: Dragapult\n|\n|upkeep\n|l|romeo3\n|\n|t:|1625826091\n|switch|p2a: Landorus|Landorus-Therian, M|100\/100\n|-ability|p2a: Landorus|Intimidate|boost\n|-unboost|p1a: Tapu Lele|atk|1\n|turn|9\n|\n|t:|1625826095\n|switch|p1a: Magnezone|Magnezone|31\/100\n|move|p2a: Landorus|Rock Polish|p2a: Landorus\n|-boost|p2a: Landorus|spe|2\n|\n|upkeep\n|turn|10\n|l| LT82ZW Mystical\n|\n|t:|1625826101\n|move|p2a: Landorus|Bulk Up|p2a: Landorus\n|-boost|p2a: Landorus|atk|1\n|-boost|p2a: Landorus|def|1\n|move|p1a: Magnezone|Flash Cannon|p2a: Landorus\n|-damage|p2a: Landorus|16\/100\n|-enditem|p2a: Landorus|Iapapa Berry|[eat]\n|-heal|p2a: Landorus|49\/100|[from] item: Iapapa Berry\n|\n|upkeep\n|turn|11\n|\n|t:|1625826107\n|move|p2a: Landorus|Earthquake|p1a: Magnezone\n|-supereffective|p1a: Magnezone\n|-damage|p1a: Magnezone|0 fnt\n|faint|p1a: Magnezone\n|\n|upkeep\n|\n|t:|1625826111\n|switch|p1a: Tapu Lele|Tapu Lele|88\/100\n|turn|12\n|\n|t:|1625826114\n|move|p2a: Landorus|Earthquake|p1a: Tapu Lele\n|-damage|p1a: Tapu Lele|0 fnt\n|faint|p1a: Tapu Lele\n|\n|-fieldend|move: Psychic Terrain\n|upkeep\n|\n|t:|1625826121\n|switch|p1a: Kyurem|Kyurem|100\/100\n|-ability|p1a: Kyurem|Pressure\n|turn|13\n|\n|t:|1625826123\n|move|p2a: Landorus|Earthquake|p1a: Kyurem\n|-damage|p1a: Kyurem|22\/100\n|move|p1a: Kyurem|Freeze-Dry|p2a: Landorus\n|-supereffective|p2a: Landorus\n|-damage|p2a: Landorus|0 fnt\n|faint|p2a: Landorus\n|\n|upkeep\n|\n|t:|1625826126\n|switch|p2a: Kartana|Kartana|91\/100\n|turn|14\n|\n|t:|1625826131\n|switch|p1a: Garchomp|Garchomp, M|94\/100\n|move|p2a: Kartana|Knock Off|p1a: Garchomp\n|-damage|p1a: Garchomp|52\/100\n|-damage|p2a: Kartana|78\/100|[from] ability: Rough Skin|[of] p1a: Garchomp\n|-enditem|p1a: Garchomp|Choice Scarf|[from] move: Knock Off|[of] p2a: Kartana\n|-damage|p2a: Kartana|68\/100|[from] item: Life Orb\n|\n|upkeep\n|turn|15\n|\n|t:|1625826136\n|move|p2a: Kartana|Leaf Blade|p1a: Garchomp\n|-crit|p1a: Garchomp\n|-damage|p1a: Garchomp|0 fnt\n|-damage|p2a: Kartana|56\/100|[from] ability: Rough Skin|[of] p1a: Garchomp\n|faint|p1a: Garchomp\n|-ability|p2a: Kartana|Beast Boost|boost\n|-boost|p2a: Kartana|spe|1\n|-damage|p2a: Kartana|46\/100|[from] item: Life Orb\n|\n|upkeep\n|\n|t:|1625826140\n|switch|p1a: Regidrago|Regidrago|100\/100\n|turn|16\n|j| Zheatran\n|\n|t:|1625826144\n|move|p2a: Kartana|Swords Dance|p2a: Kartana\n|-boost|p2a: Kartana|atk|2\n|move|p1a: Regidrago|Explosion|p2a: Kartana\n|-resisted|p2a: Kartana\n|-damage|p2a: Kartana|14\/100\n|faint|p1a: Regidrago\n|\n|upkeep\n|c|\u2606GuyguyLaMenace|Oh no\n|\n|t:|1625826151\n|switch|p1a: Kyurem|Kyurem|22\/100\n|-ability|p1a: Kyurem|Pressure\n|turn|17\n|\n|t:|1625826154\n|move|p2a: Kartana|Knock Off|p1a: Kyurem\n|-damage|p1a: Kyurem|0 fnt\n|-enditem|p1a: Kyurem|Metronome|[from] move: Knock Off|[of] p2a: Kartana\n|faint|p1a: Kyurem\n|-damage|p2a: Kartana|4\/100|[from] item: Life Orb\n|\n|win|LT82ZW GLASS\n|raw|GuyguyLaMenace's rating: 1637 &rarr; <strong>1618<\/strong><br \/>(-19 for losing)\n|raw|LT82ZW GLASS's rating: 1659 &rarr; <strong>1678<\/strong><br \/>(+19 for winning)\n|l|\u2606LT82ZW GLASS\n|l|\u2606GuyguyLaMenace\n|l|+Aberforth\n","uploadtime":1625826243,"views":31,"p1id":"guyguylamenace","p2id":"lt82zwglass","formatid":"gen8ou","rating":1618,"private":0,"password":null}