{"id":"gen8ou-1686569675","p1":"Power-trip7blitz","p2":"FvkboyCharmander","format":"gen8ou","log":"|html|<div class=\"broadcast-blue\"><strong>[Gen 8] OU is currently suspecting Melmetal! For information on how to participate check out the <a href=\"https:\/\/www.smogon.com\/forums\/threads\/np-ss-ou-suspect-process-round-12-monster-mash.3709234\/\">suspect thread<\/a>.<\/strong><\/div>\n|j|\u2606Power-trip7blitz\n|j|\u2606FvkboyCharmander\n|t:|1665860263\n|gametype|singles\n|player|p1|Power-trip7blitz|102|1746\n|player|p2|FvkboyCharmander|169|1715\n|teamsize|p1|6\n|teamsize|p2|6\n|gen|8\n|tier|[Gen 8] OU\n|rated|\n|rule|Sleep Clause Mod: Limit one foe put to sleep\n|rule|Species Clause: Limit one of each Pok\u00e9mon\n|rule|OHKO Clause: OHKO moves are banned\n|rule|Evasion Items Clause: Evasion items are banned\n|rule|Evasion Moves Clause: Evasion moves are banned\n|rule|Endless Battle Clause: Forcing endless battles is banned\n|rule|HP Percentage Mod: HP is shown in percentages\n|rule|Dynamax Clause: You cannot dynamax\n|clearpoke\n|poke|p1|Cursola, F|\n|poke|p1|Blaziken, M|\n|poke|p1|Polteageist-Antique|\n|poke|p1|Hatterene, F|\n|poke|p1|Stakataka|\n|poke|p1|Gastrodon, F|\n|poke|p2|Ninetales-Alola, M|\n|poke|p2|Blaziken, M|\n|poke|p2|Azumarill, M|\n|poke|p2|Landorus-Therian, M|\n|poke|p2|Rillaboom, M|\n|poke|p2|Hawlucha, F|\n|teampreview\n|\n|t:|1665860272\n|start\n|switch|p1a: Blaziken|Blaziken, M|100\/100\n|switch|p2a: Ninetales|Ninetales-Alola, M|100\/100\n|-weather|Hail|[from] ability: Snow Warning|[of] p2a: Ninetales\n|turn|1\n|\n|t:|1665860276\n|switch|p2a: Landorus|Landorus-Therian, M|100\/100\n|-ability|p2a: Landorus|Intimidate|boost\n|-unboost|p1a: Blaziken|atk|1\n|move|p1a: Blaziken|Swords Dance|p1a: Blaziken\n|-boost|p1a: Blaziken|atk|2\n|\n|-weather|Hail|[upkeep]\n|-damage|p2a: Landorus|94\/100|[from] Hail\n|-damage|p1a: Blaziken|95\/100|[from] Hail\n|-ability|p1a: Blaziken|Speed Boost|boost\n|-boost|p1a: Blaziken|spe|1\n|upkeep\n|turn|2\n|j| HaxxIsPain\n|\n|t:|1665860281\n|move|p1a: Blaziken|Flare Blitz|p2a: Landorus\n|-damage|p2a: Landorus|0 fnt\n|-damage|p1a: Blaziken|78\/100|[from] item: Rocky Helmet|[of] p2a: Landorus\n|faint|p2a: Landorus\n|-damage|p1a: Blaziken|45\/100|[from] Recoil\n|-damage|p1a: Blaziken|35\/100|[from] item: Life Orb\n|\n|-weather|Hail|[upkeep]\n|-damage|p1a: Blaziken|29\/100|[from] Hail\n|-ability|p1a: Blaziken|Speed Boost|boost\n|-boost|p1a: Blaziken|spe|1\n|upkeep\n|\n|t:|1665860284\n|switch|p2a: Azumarill|Azumarill, M|100\/100\n|turn|3\n|\n|t:|1665860286\n|switch|p1a: Gastrodon|Gastrodon, F|100\/100\n|move|p2a: Azumarill|Aqua Jet|p1a: Gastrodon\n|-ability|p1a: Gastrodon|Storm Drain|boost\n|-boost|p1a: Gastrodon|spa|1\n|\n|-weather|Hail|[upkeep]\n|-damage|p2a: Azumarill|94\/100|[from] Hail\n|-damage|p1a: Gastrodon|94\/100|[from] Hail\n|upkeep\n|turn|4\n|\n|t:|1665860289\n|switch|p2a: Ninetales|Ninetales-Alola, M|100\/100\n|move|p1a: Gastrodon|Sludge Wave|p2a: Ninetales\n|-supereffective|p2a: Ninetales\n|-damage|p2a: Ninetales|0 fnt\n|faint|p2a: Ninetales\n|\n|-weather|Hail|[upkeep]\n|-damage|p1a: Gastrodon|88\/100|[from] Hail\n|upkeep\n|\n|t:|1665860293\n|switch|p2a: Rillaboom|Rillaboom, M|100\/100\n|-fieldstart|move: Grassy Terrain|[from] ability: Grassy Surge|[of] p2a: Rillaboom\n|turn|5\n|\n|t:|1665860296\n|move|p2a: Rillaboom|Swords Dance|p2a: Rillaboom\n|-boost|p2a: Rillaboom|atk|2\n|move|p1a: Gastrodon|Sludge Wave|p2a: Rillaboom\n|-supereffective|p2a: Rillaboom\n|-damage|p2a: Rillaboom|0 fnt\n|faint|p2a: Rillaboom\n|\n|-weather|none\n|-heal|p1a: Gastrodon|94\/100|[from] Grassy Terrain\n|upkeep\n|-message|FvkboyCharmander forfeited.\n|\n|win|Power-trip7blitz\n|raw|Power-trip7blitz's rating: 1746 &rarr; <strong>1764<\/strong><br \/>(+18 for winning)\n|raw|FvkboyCharmander's rating: 1715 &rarr; <strong>1697<\/strong><br \/>(-18 for losing)\n|l|\u2606FvkboyCharmander\n","uploadtime":1665860322,"views":22,"p1id":"powertrip7blitz","p2id":"fvkboycharmander","formatid":"gen8ou","rating":1697,"private":0,"password":null}