{"id":"gen8ou-1078039702","p1":"PokeDa","p2":"Pipotron","format":"gen8ou","log":"|j|\u2606PokeDa\n|j|\u2606Pipotron\n|player|p1|PokeDa|wallace|1693\n|player|p2|Pipotron|giovanni|1669\n|teamsize|p1|6\n|teamsize|p2|6\n|gametype|singles\n|gen|8\n|tier|[Gen 8] OU\n|rated|\n|clearpoke\n|poke|p1|Pelipper, M|\n|poke|p1|Dracovish|\n|poke|p1|Mantine, M|\n|poke|p1|Seismitoad, M|\n|poke|p1|Ferrothorn, F|\n|poke|p1|Jirachi|\n|poke|p2|Incineroar, F|\n|poke|p2|Clefable, M|\n|poke|p2|Sandaconda, F|\n|poke|p2|Seismitoad, M|\n|poke|p2|Kyurem|\n|poke|p2|Corviknight, F|\n|rule|Sleep Clause Mod: Limit one foe put to sleep\n|rule|Species Clause: Limit one of each Pok\u00e9mon\n|rule|OHKO Clause: OHKO moves are banned\n|rule|Evasion Moves Clause: Evasion moves are banned\n|rule|Endless Battle Clause: Forcing endless battles is banned\n|rule|HP Percentage Mod: HP is shown in percentages\n|rule|Dynamax Clause: You cannot dynamax\n|teampreview\n|inactive|Battle timer is ON: inactive players will automatically lose when time's up. (requested by PokeDa)\n|\n|start\n|switch|p1a: Ferrothorn|Ferrothorn, F, shiny|100\/100\n|switch|p2a: Incineroar|Incineroar, F|100\/100\n|-ability|p2a: Incineroar|Intimidate|boost\n|-unboost|p1a: Ferrothorn|atk|1\n|turn|1\n|\n|move|p2a: Incineroar|Knock Off|p1a: Ferrothorn\n|-damage|p1a: Ferrothorn|78\/100\n|-damage|p2a: Incineroar|88\/100|[from] ability: Iron Barbs|[of] p1a: Ferrothorn\n|-damage|p2a: Incineroar|72\/100|[from] item: Rocky Helmet|[of] p1a: Ferrothorn\n|-enditem|p1a: Ferrothorn|Rocky Helmet|[from] move: Knock Off|[of] p2a: Incineroar\n|move|p1a: Ferrothorn|Stealth Rock|p2a: Incineroar\n|-sidestart|p2: Pipotron|move: Stealth Rock\n|\n|upkeep\n|turn|2\n|\n|switch|p1a: Pelipper|Pelipper, M|100\/100\n|-weather|RainDance|[from] ability: Drizzle|[of] p1a: Pelipper\n|move|p2a: Incineroar|Parting Shot|p1a: Pelipper\n|-unboost|p1a: Pelipper|atk|1\n|-unboost|p1a: Pelipper|spa|1\n|\n|switch|p2a: Corviknight|Corviknight, F|100\/100|[from]move: Parting Shot\n|-damage|p2a: Corviknight|88\/100|[from] Stealth Rock\n|-ability|p2a: Corviknight|Pressure\n|\n|-weather|RainDance|[upkeep]\n|-heal|p2a: Corviknight|94\/100|[from] item: Leftovers\n|upkeep\n|turn|3\n|\n|move|p2a: Corviknight|Defog|p1a: Pelipper\n|-unboost|p1a: Pelipper|evasion|1\n|-sideend|p2: Pipotron|Stealth Rock|[from] move: Defog|[of] p2a: Corviknight\n|move|p1a: Pelipper|U-turn|p2a: Corviknight\n|-resisted|p2a: Corviknight\n|-damage|p2a: Corviknight|93\/100\n|\n|switch|p1a: Seismitoad|Seismitoad, M|100\/100|[from]move: U-turn\n|\n|-weather|RainDance|[upkeep]\n|-heal|p2a: Corviknight|99\/100|[from] item: Leftovers\n|upkeep\n|turn|4\n|\n|move|p1a: Seismitoad|Liquidation|p2a: Corviknight\n|-damage|p2a: Corviknight|37\/100\n|-damage|p1a: Seismitoad|91\/100|[from] item: Life Orb\n|move|p2a: Corviknight|U-turn|p1a: Seismitoad\n|-damage|p1a: Seismitoad|73\/100\n|\n|switch|p2a: Clefable|Clefable, M|100\/100|[from]move: U-turn\n|\n|-weather|RainDance|[upkeep]\n|upkeep\n|turn|5\n|\n|switch|p1a: Jirachi|Jirachi, shiny|100\/100\n|switch|p2a: Seismitoad|Seismitoad, M|100\/100\n|\n|-weather|RainDance|[upkeep]\n|upkeep\n|turn|6\n|\n|move|p1a: Jirachi|Trick|p2a: Seismitoad\n|-activate|p1a: Jirachi|move: Trick|[of] p2a: Seismitoad\n|-item|p2a: Seismitoad|Choice Scarf|[from] move: Trick\n|-item|p1a: Jirachi|Metronome|[from] move: Trick\n|move|p2a: Seismitoad|Earthquake|p1a: Jirachi\n|-supereffective|p1a: Jirachi\n|-damage|p1a: Jirachi|10\/100\n|\n|-weather|RainDance|[upkeep]\n|upkeep\n|turn|7\n|\n|switch|p1a: Mantine|Mantine, M|100\/100\n|switch|p2a: Kyurem|Kyurem|100\/100\n|-ability|p2a: Kyurem|Pressure\n|\n|-weather|RainDance|[upkeep]\n|upkeep\n|turn|8\n|\n|move|p1a: Mantine|Hurricane|p2a: Kyurem\n|-damage|p2a: Kyurem|35\/100\n|move|p2a: Kyurem|Freeze-Dry|p1a: Mantine\n|-supereffective|p1a: Mantine\n|-damage|p1a: Mantine|0 fnt\n|faint|p1a: Mantine\n|\n|-weather|RainDance|[upkeep]\n|upkeep\n|\n|switch|p1a: Seismitoad|Seismitoad, M|73\/100\n|turn|9\n|\n|switch|p2a: Seismitoad|Seismitoad, M|100\/100\n|move|p1a: Seismitoad|Earthquake|p2a: Seismitoad\n|-damage|p2a: Seismitoad|38\/100\n|-damage|p1a: Seismitoad|63\/100|[from] item: Life Orb\n|\n|-weather|none\n|upkeep\n|turn|10\n|\n|switch|p2a: Corviknight|Corviknight, F|37\/100\n|-ability|p2a: Corviknight|Pressure\n|move|p1a: Seismitoad|Earthquake|p2a: Corviknight\n|-immune|p2a: Corviknight\n|\n|-heal|p2a: Corviknight|43\/100|[from] item: Leftovers\n|upkeep\n|turn|11\n|\n|move|p1a: Seismitoad|Knock Off|p2a: Corviknight\n|-damage|p2a: Corviknight|10\/100\n|-enditem|p2a: Corviknight|Leftovers|[from] move: Knock Off|[of] p1a: Seismitoad\n|-damage|p1a: Seismitoad|53\/100|[from] item: Life Orb\n|move|p2a: Corviknight|Roost|p2a: Corviknight\n|-heal|p2a: Corviknight|60\/100\n|-singleturn|p2a: Corviknight|move: Roost\n|\n|upkeep\n|turn|12\n|\n|switch|p1a: Pelipper|Pelipper, M|100\/100\n|-weather|RainDance|[from] ability: Drizzle|[of] p1a: Pelipper\n|move|p2a: Corviknight|U-turn|p1a: Pelipper\n|-resisted|p1a: Pelipper\n|-damage|p1a: Pelipper|95\/100\n|\n|switch|p2a: Kyurem|Kyurem|35\/100|[from]move: U-turn\n|-ability|p2a: Kyurem|Pressure\n|\n|-weather|RainDance|[upkeep]\n|upkeep\n|turn|13\n|\n|switch|p1a: Ferrothorn|Ferrothorn, F, shiny|78\/100\n|move|p2a: Kyurem|Freeze-Dry|p1a: Ferrothorn\n|-damage|p1a: Ferrothorn|33\/100\n|\n|-weather|RainDance|[upkeep]\n|upkeep\n|turn|14\n|\n|move|p2a: Kyurem|Freeze-Dry|p1a: Ferrothorn\n|-damage|p1a: Ferrothorn|0 fnt\n|faint|p1a: Ferrothorn\n|\n|-weather|RainDance|[upkeep]\n|upkeep\n|\n|switch|p1a: Seismitoad|Seismitoad, M|53\/100\n|turn|15\n|\n|switch|p2a: Seismitoad|Seismitoad, M|38\/100\n|move|p1a: Seismitoad|Knock Off|p2a: Seismitoad\n|-damage|p2a: Seismitoad|3\/100\n|-enditem|p2a: Seismitoad|Choice Scarf|[from] move: Knock Off|[of] p1a: Seismitoad\n|-damage|p1a: Seismitoad|43\/100|[from] item: Life Orb\n|\n|-weather|RainDance|[upkeep]\n|upkeep\n|turn|16\n|\n|move|p1a: Seismitoad|Knock Off|p2a: Seismitoad\n|-damage|p2a: Seismitoad|0 fnt\n|-damage|p1a: Seismitoad|33\/100|[from] item: Life Orb\n|faint|p2a: Seismitoad\n|\n|-weather|RainDance|[upkeep]\n|upkeep\n|\n|switch|p2a: Incineroar|Incineroar, F|72\/100\n|-ability|p2a: Incineroar|Intimidate|boost\n|-unboost|p1a: Seismitoad|atk|1\n|turn|17\n|\n|switch|p1a: Dracovish|Dracovish, shiny|100\/100\n|move|p2a: Incineroar|Fake Out|p1a: Dracovish\n|-damage|p1a: Dracovish|89\/100\n|\n|-weather|RainDance|[upkeep]\n|upkeep\n|turn|18\n|\n|move|p1a: Dracovish|Fishious Rend|p2a: Incineroar\n|-supereffective|p2a: Incineroar\n|-damage|p2a: Incineroar|0 fnt\n|faint|p2a: Incineroar\n|\n|-weather|RainDance|[upkeep]\n|upkeep\n|\n|switch|p2a: Kyurem|Kyurem|35\/100\n|-ability|p2a: Kyurem|Pressure\n|turn|19\n|\n|move|p1a: Dracovish|Fishious Rend|p2a: Kyurem\n|-resisted|p2a: Kyurem\n|-crit|p2a: Kyurem\n|-damage|p2a: Kyurem|0 fnt\n|faint|p2a: Kyurem\n|\n|-weather|none\n|upkeep\n|\n|switch|p2a: Clefable|Clefable, M|100\/100\n|turn|20\n|\n|switch|p1a: Pelipper|Pelipper, M|95\/100\n|-weather|RainDance|[from] ability: Drizzle|[of] p1a: Pelipper\n|move|p2a: Clefable|Moonblast|p1a: Pelipper\n|-damage|p1a: Pelipper|53\/100\n|\n|-weather|RainDance|[upkeep]\n|upkeep\n|turn|21\n|\n|move|p2a: Clefable|Moonblast|p1a: Pelipper\n|-damage|p1a: Pelipper|11\/100\n|-unboost|p1a: Pelipper|spa|1\n|move|p1a: Pelipper|Roost|p1a: Pelipper\n|-heal|p1a: Pelipper|61\/100\n|-singleturn|p1a: Pelipper|move: Roost\n|\n|-weather|RainDance|[upkeep]\n|upkeep\n|turn|22\n|\n|move|p2a: Clefable|Moonblast|p1a: Pelipper\n|-damage|p1a: Pelipper|20\/100\n|-unboost|p1a: Pelipper|spa|1\n|move|p1a: Pelipper|U-turn|p2a: Clefable\n|-resisted|p2a: Clefable\n|-damage|p2a: Clefable|95\/100\n|\n|switch|p1a: Dracovish|Dracovish, shiny|89\/100|[from]move: U-turn\n|\n|-weather|RainDance|[upkeep]\n|-heal|p2a: Clefable|100\/100|[from] item: Leftovers\n|upkeep\n|turn|23\n|\n|move|p2a: Clefable|Protect|p2a: Clefable\n|-singleturn|p2a: Clefable|Protect\n|move|p1a: Dracovish|Fishious Rend|p2a: Clefable\n|-activate|p2a: Clefable|move: Protect\n|\n|-weather|RainDance|[upkeep]\n|upkeep\n|turn|24\n|\n|move|p1a: Dracovish|Fishious Rend|p2a: Clefable\n|-damage|p2a: Clefable|0 fnt\n|faint|p2a: Clefable\n|\n|-weather|RainDance|[upkeep]\n|upkeep\n|-message|Pipotron forfeited.\n|\n|win|PokeDa\n|l|\u2606Pipotron\n|raw|PokeDa's rating: 1693 &rarr; <strong>1711<\/strong><br \/>(+18 for winning)\n|raw|Pipotron's rating: 1645 &rarr; <strong>1628<\/strong><br \/>(-17 for losing)\n","uploadtime":1584055928,"views":17,"p1id":"pokeda","p2id":"pipotron","formatid":"gen8ou","rating":1628,"private":0,"password":null}