{"id":"gen8ou-1685242540","p1":"2(H2O)-Alt","p2":"minimax_ai","format":"gen8ou","log":"|html|<div class=\"broadcast-blue\"><strong>[Gen 8] OU is currently suspecting Melmetal! For information on how to participate check out the <a href=\"https:\/\/www.smogon.com\/forums\/threads\/np-ss-ou-suspect-process-round-12-monster-mash.3709234\/\">suspect thread<\/a>.<\/strong><\/div>\n|j|\u26062(H2O)-Alt\n|j|\u203dminimax_ai\n|t:|1665711291\n|gametype|singles\n|player|p1|2(H2O)-Alt|chase|1759\n|player|p2|minimax_ai|101|1684\n|teamsize|p1|6\n|teamsize|p2|6\n|gen|8\n|tier|[Gen 8] OU\n|rated|\n|rule|Sleep Clause Mod: Limit one foe put to sleep\n|rule|Species Clause: Limit one of each Pok\u00e9mon\n|rule|OHKO Clause: OHKO moves are banned\n|rule|Evasion Items Clause: Evasion items are banned\n|rule|Evasion Moves Clause: Evasion moves are banned\n|rule|Endless Battle Clause: Forcing endless battles is banned\n|rule|HP Percentage Mod: HP is shown in percentages\n|rule|Dynamax Clause: You cannot dynamax\n|clearpoke\n|poke|p1|Weavile, M|\n|poke|p1|Blaziken, M|\n|poke|p1|Rillaboom, M|\n|poke|p1|Nihilego|\n|poke|p1|Dragapult, M|\n|poke|p1|Aegislash, M|\n|poke|p2|Rotom-Wash|\n|poke|p2|Weavile, F|\n|poke|p2|Landorus-Therian, M|\n|poke|p2|Heatran, M|\n|poke|p2|Tangrowth, M|\n|poke|p2|Melmetal|\n|teampreview\n|\n|t:|1665711293\n|start\n|switch|p1a: Nihilego|Nihilego|100\/100\n|switch|p2a: Landorus|Landorus-Therian, M|100\/100\n|-ability|p2a: Landorus|Intimidate|boost\n|-unboost|p1a: Nihilego|atk|1\n|turn|1\n|j| RazorForce21\n|inactive|Battle timer is ON: inactive players will automatically lose when time's up. (requested by 2(H2O)-Alt)\n|inactive|minimax_ai also wants the timer to be on.\n|j| crawdaunt sammy\n|j| Master Raul\n|\n|t:|1665711300\n|move|p1a: Nihilego|Stealth Rock|p2a: Landorus\n|-sidestart|p2: minimax_ai|move: Stealth Rock\n|move|p2a: Landorus|Earthquake|p1a: Nihilego\n|-supereffective|p1a: Nihilego\n|-crit|p1a: Nihilego\n|-damage|p1a: Nihilego|0 fnt\n|faint|p1a: Nihilego\n|\n|upkeep\n|\n|t:|1665711305\n|switch|p1a: Bandit|Weavile, M, shiny|100\/100\n|-ability|p1a: Bandit|Pressure\n|turn|2\n|\n|t:|1665711307\n|move|p1a: Bandit|Knock Off|p2a: Landorus\n|-damage|p2a: Landorus|31\/100\n|-enditem|p2a: Landorus|Leftovers|[from] move: Knock Off|[of] p1a: Bandit\n|-damage|p1a: Bandit|91\/100|[from] item: Life Orb\n|move|p2a: Landorus|Earthquake|p1a: Bandit\n|-damage|p1a: Bandit|2\/100\n|\n|upkeep\n|turn|3\n|\n|t:|1665711309\n|move|p1a: Bandit|Ice Shard|p2a: Landorus\n|-supereffective|p2a: Landorus\n|-damage|p2a: Landorus|0 fnt\n|faint|p2a: Landorus\n|-damage|p1a: Bandit|0 fnt|[from] item: Life Orb\n|faint|p1a: Bandit\n|\n|upkeep\n|\n|t:|1665711313\n|switch|p1a: Destroyer|Blaziken, M, shiny|100\/100\n|switch|p2a: Rotom|Rotom-Wash|100\/100\n|-damage|p2a: Rotom|88\/100|[from] Stealth Rock\n|turn|4\n|\n|t:|1665711315\n|move|p1a: Destroyer|Protect|p1a: Destroyer\n|-singleturn|p1a: Destroyer|Protect\n|move|p2a: Rotom|Hydro Pump|p1a: Destroyer\n|-activate|p1a: Destroyer|move: Protect\n|\n|-heal|p2a: Rotom|94\/100|[from] item: Leftovers\n|-ability|p1a: Destroyer|Speed Boost|boost\n|-boost|p1a: Destroyer|spe|1\n|upkeep\n|turn|5\n|\n|t:|1665711319\n|move|p1a: Destroyer|Close Combat|p2a: Rotom\n|-damage|p2a: Rotom|4\/100\n|-unboost|p1a: Destroyer|def|1\n|-unboost|p1a: Destroyer|spd|1\n|-damage|p1a: Destroyer|91\/100|[from] item: Life Orb\n|move|p2a: Rotom|Hydro Pump|p1a: Destroyer\n|-supereffective|p1a: Destroyer\n|-damage|p1a: Destroyer|0 fnt\n|faint|p1a: Destroyer\n|\n|-heal|p2a: Rotom|11\/100|[from] item: Leftovers\n|upkeep\n|\n|t:|1665711326\n|switch|p1a: Leviathan|Dragapult, M, shiny|100\/100\n|turn|6\n|\n|t:|1665711328\n|move|p1a: Leviathan|Dragon Darts|p2a: Rotom\n|-damage|p2a: Rotom|0 fnt\n|faint|p2a: Rotom\n|-damage|p1a: Leviathan|91\/100|[from] item: Life Orb\n|\n|upkeep\n|\n|t:|1665711329\n|switch|p2a: Melmetal|Melmetal|100\/100\n|-damage|p2a: Melmetal|94\/100|[from] Stealth Rock\n|turn|7\n|\n|t:|1665711330\n|switch|p1a: Aegislash|Aegislash, M|100\/100\n|move|p2a: Melmetal|Ice Punch|p1a: Aegislash\n|-resisted|p1a: Aegislash\n|-damage|p1a: Aegislash|88\/100\n|\n|upkeep\n|turn|8\n|\n|t:|1665711332\n|switch|p2a: Tangrowth|Tangrowth, M|100\/100\n|-damage|p2a: Tangrowth|88\/100|[from] Stealth Rock\n|-formechange|p1a: Aegislash|Aegislash-Blade||[from] ability: Stance Change\n|move|p1a: Aegislash|Close Combat|p2a: Tangrowth\n|-damage|p2a: Tangrowth|63\/100\n|-unboost|p1a: Aegislash|def|1\n|-unboost|p1a: Aegislash|spd|1\n|-damage|p1a: Aegislash|71\/100|[from] item: Rocky Helmet|[of] p2a: Tangrowth\n|\n|upkeep\n|turn|9\n|\n|t:|1665711335\n|switch|p1a: Kong|Rillaboom, M, shiny|100\/100\n|-fieldstart|move: Grassy Terrain|[from] ability: Grassy Surge|[of] p1a: Kong\n|move|p2a: Tangrowth|Knock Off|p1a: Kong\n|-damage|p1a: Kong|77\/100\n|-enditem|p1a: Kong|Life Orb|[from] move: Knock Off|[of] p2a: Tangrowth\n|\n|-heal|p1a: Kong|83\/100|[from] Grassy Terrain\n|-heal|p2a: Tangrowth|69\/100|[from] Grassy Terrain\n|upkeep\n|turn|10\n|\n|t:|1665711337\n|move|p1a: Kong|Swords Dance|p1a: Kong\n|-boost|p1a: Kong|atk|2\n|move|p2a: Tangrowth|Giga Drain|p1a: Kong\n|-resisted|p1a: Kong\n|-damage|p1a: Kong|57\/100\n|-heal|p2a: Tangrowth|80\/100|[from] drain|[of] p1a: Kong\n|\n|-heal|p1a: Kong|64\/100|[from] Grassy Terrain\n|-heal|p2a: Tangrowth|86\/100|[from] Grassy Terrain\n|upkeep\n|turn|11\n|\n|t:|1665711339\n|move|p1a: Kong|Swords Dance|p1a: Kong\n|-boost|p1a: Kong|atk|2\n|move|p2a: Tangrowth|Giga Drain|p1a: Kong\n|-resisted|p1a: Kong\n|-damage|p1a: Kong|40\/100\n|-heal|p2a: Tangrowth|96\/100|[from] drain|[of] p1a: Kong\n|\n|-heal|p1a: Kong|46\/100|[from] Grassy Terrain\n|-heal|p2a: Tangrowth|100\/100|[from] Grassy Terrain\n|upkeep\n|turn|12\n|\n|t:|1665711341\n|move|p1a: Kong|Superpower|p2a: Tangrowth\n|-damage|p2a: Tangrowth|30\/100\n|-unboost|p1a: Kong|atk|1\n|-unboost|p1a: Kong|def|1\n|-damage|p1a: Kong|30\/100|[from] item: Rocky Helmet|[of] p2a: Tangrowth\n|move|p2a: Tangrowth|Focus Blast|p1a: Kong\n|-damage|p1a: Kong|0 fnt\n|faint|p1a: Kong\n|\n|-heal|p2a: Tangrowth|36\/100|[from] Grassy Terrain\n|upkeep\n|-message|2(H2O)-Alt forfeited.\n|\n|win|minimax_ai\n|raw|2(H2O)-Alt's rating: 1759 &rarr; <strong>1735<\/strong><br \/>(-24 for losing)\n|raw|minimax_ai's rating: 1684 &rarr; <strong>1708<\/strong><br \/>(+24 for winning)\n|l|\u26062(H2O)-Alt\n","uploadtime":1665711351,"views":72,"p1id":"2h2oalt","p2id":"minimaxai","formatid":"gen8ou","rating":1708,"private":0,"password":null}