{"id":"gen8ou-1630925234","p1":"Juyen RP PLF","p2":"LT91BB pop smoke","format":"gen8ou","log":"|raw|<div class=\"broadcast-blue\"><strong>This battle is required to be public due to a player having a name starting with 'lt91bb'.<\/div>\n|j|\u2606Juyen RP PLF\n|j|\u2606LT91BB pop smoke\n|t:|1659478030\n|gametype|singles\n|player|p1|Juyen RP PLF|hilbert|1872\n|player|p2|LT91BB pop smoke|lyra|2016\n|teamsize|p1|6\n|teamsize|p2|6\n|gen|8\n|tier|[Gen 8] OU\n|rated|\n|rule|Sleep Clause Mod: Limit one foe put to sleep\n|rule|Species Clause: Limit one of each Pok\u00e9mon\n|rule|OHKO Clause: OHKO moves are banned\n|rule|Evasion Moves Clause: Evasion moves are banned\n|rule|Endless Battle Clause: Forcing endless battles is banned\n|rule|HP Percentage Mod: HP is shown in percentages\n|rule|Dynamax Clause: You cannot dynamax\n|clearpoke\n|poke|p1|Landorus-Therian, M|\n|poke|p1|Volcarona, F|\n|poke|p1|Conkeldurr, F|\n|poke|p1|Melmetal|\n|poke|p1|Tapu Koko|\n|poke|p1|Starmie|\n|poke|p2|Rillaboom, F|\n|poke|p2|Tornadus-Therian, M|\n|poke|p2|Blaziken, F|\n|poke|p2|Melmetal|\n|poke|p2|Garchomp, M|\n|poke|p2|Slowbro, M|\n|teampreview\n|inactive|Battle timer is ON: inactive players will automatically lose when time's up. (requested by LT91BB pop smoke)\n|j| gssagssagssag\n|l| gssagssagssag\n|\n|t:|1659478049\n|start\n|switch|p1a: Tapu Koko|Tapu Koko|100\/100\n|switch|p2a: Tornadus|Tornadus-Therian, M|100\/100\n|-fieldstart|move: Electric Terrain|[from] ability: Electric Surge|[of] p1a: Tapu Koko\n|turn|1\n|\n|t:|1659478066\n|switch|p2a: Garchomp|Garchomp, M|100\/100\n|move|p1a: Tapu Koko|Thunderbolt|p2a: Garchomp\n|-immune|p2a: Garchomp\n|\n|upkeep\n|turn|2\n|\n|t:|1659478071\n|move|p1a: Tapu Koko|U-turn|p2a: Garchomp\n|-damage|p2a: Garchomp|86\/100\n|-damage|p1a: Tapu Koko|88\/100|[from] ability: Rough Skin|[of] p2a: Garchomp\n|\n|t:|1659478073\n|switch|p1a: Landorus|Landorus-Therian, M|100\/100|[from]move: U-turn\n|-ability|p1a: Landorus|Intimidate|boost\n|-unboost|p2a: Garchomp|atk|1\n|move|p2a: Garchomp|Earthquake|p1a: Landorus\n|-immune|p1a: Landorus\n|\n|-heal|p2a: Garchomp|92\/100|[from] item: Leftovers\n|upkeep\n|turn|3\n|\n|t:|1659478077\n|move|p2a: Garchomp|Toxic|p1a: Landorus\n|-status|p1a: Landorus|tox\n|move|p1a: Landorus|Toxic|p2a: Garchomp\n|-status|p2a: Garchomp|tox\n|\n|-heal|p2a: Garchomp|99\/100 tox|[from] item: Leftovers\n|-damage|p2a: Garchomp|92\/100 tox|[from] psn\n|-damage|p1a: Landorus|94\/100 tox|[from] psn\n|upkeep\n|turn|4\n|\n|t:|1659478079\n|move|p2a: Garchomp|Stealth Rock|p1a: Landorus\n|-sidestart|p1: Juyen RP PLF|move: Stealth Rock\n|move|p1a: Landorus|Stealth Rock|p2a: Garchomp\n|-sidestart|p2: LT91BB pop smoke|move: Stealth Rock\n|\n|-heal|p2a: Garchomp|99\/100 tox|[from] item: Leftovers\n|-damage|p2a: Garchomp|86\/100 tox|[from] psn\n|-damage|p1a: Landorus|82\/100 tox|[from] psn\n|upkeep\n|turn|5\n|\n|t:|1659478084\n|switch|p2a: Tornadus|Tornadus-Therian, M|100\/100\n|move|p1a: Landorus|U-turn|p2a: Tornadus\n|-resisted|p2a: Tornadus\n|-damage|p2a: Tornadus|88\/100\n|\n|t:|1659478088\n|switch|p1a: Melmetal|Melmetal|100\/100|[from]move: U-turn\n|-damage|p1a: Melmetal|94\/100|[from] Stealth Rock\n|\n|-heal|p1a: Melmetal|100\/100|[from] item: Leftovers\n|-fieldend|move: Electric Terrain\n|upkeep\n|turn|6\n|\n|t:|1659478092\n|move|p2a: Tornadus|U-turn|p1a: Melmetal\n|-resisted|p1a: Melmetal\n|-damage|p1a: Melmetal|96\/100\n|\n|t:|1659478093\n|switch|p2a: Slowbro|Slowbro, M|100\/100|[from]move: U-turn\n|-damage|p2a: Slowbro|88\/100|[from] Stealth Rock\n|move|p1a: Melmetal|Thunder Wave|p2a: Slowbro\n|-status|p2a: Slowbro|par\n|\n|-heal|p1a: Melmetal|100\/100|[from] item: Leftovers\n|upkeep\n|turn|7\n|\n|t:|1659478103\n|switch|p1a: Conkeldurr|Conkeldurr, F|100\/100\n|-damage|p1a: Conkeldurr|94\/100|[from] Stealth Rock\n|move|p2a: Slowbro|Teleport|p2a: Slowbro\n|j| adf2\u2764\n|j| lt91bb ez\n|\n|t:|1659478115\n|switch|p2a: Tornadus|Tornadus-Therian, M|100\/100|[from]move: Teleport\n|\n|-status|p1a: Conkeldurr|brn|[from] item: Flame Orb\n|upkeep\n|turn|8\n|j| Curryisnotgood\n|\n|t:|1659478126\n|switch|p1a: Melmetal|Melmetal|100\/100\n|-damage|p1a: Melmetal|94\/100|[from] Stealth Rock\n|move|p2a: Tornadus|U-turn|p1a: Melmetal\n|-resisted|p1a: Melmetal\n|-damage|p1a: Melmetal|90\/100\n|\n|t:|1659478133\n|switch|p2a: Rillaboom|Rillaboom, F|100\/100|[from]move: U-turn\n|-damage|p2a: Rillaboom|88\/100|[from] Stealth Rock\n|-fieldstart|move: Grassy Terrain|[from] ability: Grassy Surge|[of] p2a: Rillaboom\n|\n|-heal|p2a: Rillaboom|94\/100|[from] Grassy Terrain\n|-heal|p2a: Rillaboom|100\/100|[from] item: Leftovers\n|-heal|p1a: Melmetal|96\/100|[from] Grassy Terrain\n|-heal|p1a: Melmetal|100\/100|[from] item: Leftovers\n|upkeep\n|turn|9\n|\n|t:|1659478139\n|switch|p2a: Slowbro|Slowbro, M|100\/100 par\n|-damage|p2a: Slowbro|88\/100 par|[from] Stealth Rock\n|move|p1a: Melmetal|Double Iron Bash|p2a: Slowbro\n|-resisted|p2a: Slowbro\n|-damage|p2a: Slowbro|78\/100 par\n|-damage|p1a: Melmetal|84\/100|[from] item: Rocky Helmet|[of] p2a: Slowbro\n|-resisted|p2a: Slowbro\n|-damage|p2a: Slowbro|66\/100 par\n|-damage|p1a: Melmetal|68\/100|[from] item: Rocky Helmet|[of] p2a: Slowbro\n|-hitcount|p2a: Slowbro|2\n|\n|-heal|p1a: Melmetal|74\/100|[from] Grassy Terrain\n|-heal|p1a: Melmetal|80\/100|[from] item: Leftovers\n|-heal|p2a: Slowbro|72\/100 par|[from] Grassy Terrain\n|upkeep\n|turn|10\n|\n|t:|1659478145\n|move|p1a: Melmetal|Thunder Punch|p2a: Slowbro\n|-supereffective|p2a: Slowbro\n|-damage|p2a: Slowbro|38\/100 par\n|-damage|p1a: Melmetal|63\/100|[from] item: Rocky Helmet|[of] p2a: Slowbro\n|move|p2a: Slowbro|Teleport|p2a: Slowbro\n|\n|t:|1659478148\n|switch|p2a: Blaziken|Blaziken, F|100\/100|[from]move: Teleport\n|-damage|p2a: Blaziken|88\/100|[from] Stealth Rock\n|\n|-heal|p2a: Blaziken|94\/100|[from] Grassy Terrain\n|-heal|p2a: Blaziken|100\/100|[from] item: Leftovers\n|-heal|p1a: Melmetal|70\/100|[from] Grassy Terrain\n|-heal|p1a: Melmetal|76\/100|[from] item: Leftovers\n|upkeep\n|turn|11\n|\n|t:|1659478153\n|switch|p1a: Starmie|Starmie|100\/100\n|-damage|p1a: Starmie|88\/100|[from] Stealth Rock\n|move|p2a: Blaziken|Close Combat|p1a: Starmie\n|-resisted|p1a: Starmie\n|-damage|p1a: Starmie|39\/100\n|-unboost|p2a: Blaziken|def|1\n|-unboost|p2a: Blaziken|spd|1\n|\n|-heal|p1a: Starmie|45\/100|[from] Grassy Terrain\n|-ability|p2a: Blaziken|Speed Boost|boost\n|-boost|p2a: Blaziken|spe|1\n|upkeep\n|turn|12\n|\n|t:|1659478162\n|move|p2a: Blaziken|Protect|p2a: Blaziken\n|-singleturn|p2a: Blaziken|Protect\n|move|p1a: Starmie|Psychic|p2a: Blaziken\n|-activate|p2a: Blaziken|move: Protect\n|\n|-heal|p1a: Starmie|51\/100|[from] Grassy Terrain\n|-fieldend|move: Grassy Terrain\n|-ability|p2a: Blaziken|Speed Boost|boost\n|-boost|p2a: Blaziken|spe|1\n|upkeep\n|turn|13\n|\n|t:|1659478170\n|move|p1a: Starmie|Psychic|p2a: Blaziken\n|-supereffective|p2a: Blaziken\n|-damage|p2a: Blaziken|0 fnt\n|faint|p2a: Blaziken\n|\n|upkeep\n|\n|t:|1659478174\n|switch|p2a: Tornadus|Tornadus-Therian, M|100\/100\n|turn|14\n|\n|t:|1659478181\n|switch|p1a: Melmetal|Melmetal|76\/100\n|-damage|p1a: Melmetal|70\/100|[from] Stealth Rock\n|move|p2a: Tornadus|Knock Off|p1a: Melmetal\n|-damage|p1a: Melmetal|58\/100\n|-enditem|p1a: Melmetal|Leftovers|[from] move: Knock Off|[of] p2a: Tornadus\n|\n|upkeep\n|turn|15\n|\n|t:|1659478185\n|move|p2a: Tornadus|Heat Wave|p1a: Melmetal\n|-supereffective|p1a: Melmetal\n|-damage|p1a: Melmetal|20\/100\n|move|p1a: Melmetal|Thunder Punch|p2a: Tornadus\n|-supereffective|p2a: Tornadus\n|-damage|p2a: Tornadus|40\/100\n|\n|upkeep\n|turn|16\n|\n|t:|1659478195\n|move|p2a: Tornadus|U-turn|p1a: Melmetal\n|-resisted|p1a: Melmetal\n|-damage|p1a: Melmetal|16\/100\n|\n|t:|1659478196\n|switch|p2a: Slowbro|Slowbro, M|71\/100 par|[from]move: U-turn\n|-damage|p2a: Slowbro|59\/100 par|[from] Stealth Rock\n|move|p1a: Melmetal|Double Iron Bash|p2a: Slowbro\n|-resisted|p2a: Slowbro\n|-damage|p2a: Slowbro|48\/100 par\n|-damage|p1a: Melmetal|0 fnt|[from] item: Rocky Helmet|[of] p2a: Slowbro\n|faint|p1a: Melmetal\n|-hitcount|p2a: Slowbro|1\n|\n|upkeep\n|j| LT91BB xray\n|\n|t:|1659478208\n|switch|p1a: Volcarona|Volcarona, F|100\/100\n|turn|17\n|\n|t:|1659478211\n|move|p1a: Volcarona|Quiver Dance|p1a: Volcarona\n|-boost|p1a: Volcarona|spa|1\n|-boost|p1a: Volcarona|spd|1\n|-boost|p1a: Volcarona|spe|1\n|cant|p2a: Slowbro|par\n|\n|upkeep\n|turn|18\n|\n|t:|1659478215\n|move|p1a: Volcarona|Quiver Dance|p1a: Volcarona\n|-boost|p1a: Volcarona|spa|1\n|-boost|p1a: Volcarona|spd|1\n|-boost|p1a: Volcarona|spe|1\n|move|p2a: Slowbro|Toxic|p1a: Volcarona|[miss]\n|-miss|p2a: Slowbro|p1a: Volcarona\n|\n|upkeep\n|turn|19\n|\n|t:|1659478219\n|move|p1a: Volcarona|Flamethrower|p2a: Slowbro\n|-resisted|p2a: Slowbro\n|-damage|p2a: Slowbro|5\/100 par\n|cant|p2a: Slowbro|par\n|\n|upkeep\n|turn|20\n|c|\u2606LT91BB pop smoke|bruh\n|c|\u2606Juyen RP PLF|woh\n|c|\u2606Juyen RP PLF|sorry bro\n|c|\u2606LT91BB pop smoke|ru kidding lmao\n|\n|t:|1659478239\n|move|p1a: Volcarona|Flamethrower|p2a: Slowbro\n|-resisted|p2a: Slowbro\n|-damage|p2a: Slowbro|0 fnt\n|faint|p2a: Slowbro\n|\n|upkeep\n|\n|t:|1659478240\n|switch|p2a: Garchomp|Garchomp, M|86\/100 tox\n|-damage|p2a: Garchomp|80\/100 tox|[from] Stealth Rock\n|turn|21\n|\n|t:|1659478247\n|move|p1a: Volcarona|Psychic|p2a: Garchomp\n|-damage|p2a: Garchomp|43\/100 tox\n|move|p2a: Garchomp|Toxic|p1a: Volcarona\n|-status|p1a: Volcarona|tox\n|\n|-heal|p2a: Garchomp|49\/100 tox|[from] item: Leftovers\n|-damage|p1a: Volcarona|94\/100 tox|[from] psn\n|-damage|p2a: Garchomp|43\/100 tox|[from] psn\n|upkeep\n|turn|22\n|j| LT91BB Tace\n|\n|t:|1659478251\n|move|p1a: Volcarona|Flamethrower|p2a: Garchomp\n|-resisted|p2a: Garchomp\n|-damage|p2a: Garchomp|17\/100 tox\n|move|p2a: Garchomp|Earthquake|p1a: Volcarona\n|-damage|p1a: Volcarona|50\/100 tox\n|\n|-heal|p2a: Garchomp|23\/100 tox|[from] item: Leftovers\n|-damage|p1a: Volcarona|38\/100 tox|[from] psn\n|-damage|p2a: Garchomp|10\/100 tox|[from] psn\n|upkeep\n|turn|23\n|\n|t:|1659478256\n|move|p1a: Volcarona|Flamethrower|p2a: Garchomp\n|-resisted|p2a: Garchomp\n|-damage|p2a: Garchomp|0 fnt\n|faint|p2a: Garchomp\n|\n|-damage|p1a: Volcarona|19\/100 tox|[from] psn\n|upkeep\n|\n|t:|1659478286\n|switch|p2a: Tornadus|Tornadus-Therian, M|73\/100\n|turn|24\n|\n|t:|1659478292\n|move|p1a: Volcarona|Flamethrower|p2a: Tornadus\n|-damage|p2a: Tornadus|0 fnt\n|faint|p2a: Tornadus\n|\n|-damage|p1a: Volcarona|0 fnt|[from] psn\n|faint|p1a: Volcarona\n|upkeep\n|\n|t:|1659478297\n|switch|p2a: Melmetal|Melmetal|100\/100\n|switch|p1a: Landorus|Landorus-Therian, M|82\/100 tox\n|-damage|p1a: Landorus|70\/100 tox|[from] Stealth Rock\n|-ability|p1a: Landorus|Intimidate|boost\n|-unboost|p2a: Melmetal|atk|1\n|-damage|p2a: Melmetal|94\/100|[from] Stealth Rock\n|turn|25\n|\n|t:|1659478304\n|move|p2a: Melmetal|Protect|p2a: Melmetal\n|-singleturn|p2a: Melmetal|Protect\n|move|p1a: Landorus|Earthquake|p2a: Melmetal\n|-activate|p2a: Melmetal|move: Protect\n|\n|-heal|p2a: Melmetal|100\/100|[from] item: Leftovers\n|-damage|p1a: Landorus|64\/100 tox|[from] psn\n|upkeep\n|turn|26\n|\n|t:|1659478309\n|switch|p2a: Rillaboom|Rillaboom, F|100\/100\n|-damage|p2a: Rillaboom|88\/100|[from] Stealth Rock\n|-fieldstart|move: Grassy Terrain|[from] ability: Grassy Surge|[of] p2a: Rillaboom\n|move|p1a: Landorus|Earthquake|p2a: Rillaboom\n|-resisted|p2a: Rillaboom\n|-damage|p2a: Rillaboom|76\/100\n|\n|-heal|p2a: Rillaboom|83\/100|[from] Grassy Terrain\n|-heal|p2a: Rillaboom|89\/100|[from] item: Leftovers\n|-damage|p1a: Landorus|52\/100 tox|[from] psn\n|upkeep\n|turn|27\n|inactive|LT91BB pop smoke has 120 seconds left.\n|\n|t:|1659478363\n|move|p2a: Rillaboom|Grassy Glide|p1a: Landorus\n|-damage|p1a: Landorus|7\/100 tox\n|-damage|p2a: Rillaboom|72\/100|[from] item: Rocky Helmet|[of] p1a: Landorus\n|move|p1a: Landorus|U-turn|p2a: Rillaboom\n|-supereffective|p2a: Rillaboom\n|-damage|p2a: Rillaboom|29\/100\n|\n|t:|1659478370\n|switch|p1a: Tapu Koko|Tapu Koko|88\/100|[from]move: U-turn\n|-fieldstart|move: Electric Terrain|[from] ability: Electric Surge|[of] p1a: Tapu Koko\n|\n|-heal|p2a: Rillaboom|36\/100|[from] item: Leftovers\n|upkeep\n|turn|28\n|\n|t:|1659478372\n|switch|p2a: Melmetal|Melmetal|100\/100\n|-damage|p2a: Melmetal|94\/100|[from] Stealth Rock\n|move|p1a: Tapu Koko|U-turn|p2a: Melmetal\n|-resisted|p2a: Melmetal\n|-damage|p2a: Melmetal|89\/100\n|\n|t:|1659478374\n|switch|p1a: Conkeldurr|Conkeldurr, F|94\/100 brn|[from]move: U-turn\n|-damage|p1a: Conkeldurr|88\/100 brn|[from] Stealth Rock\n|\n|-heal|p2a: Melmetal|96\/100|[from] item: Leftovers\n|-damage|p1a: Conkeldurr|82\/100 brn|[from] brn\n|upkeep\n|turn|29\n|\n|t:|1659478376\n|move|p2a: Melmetal|Protect|p2a: Melmetal\n|-singleturn|p2a: Melmetal|Protect\n|move|p1a: Conkeldurr|Drain Punch|p2a: Melmetal\n|-activate|p2a: Melmetal|move: Protect\n|\n|-heal|p2a: Melmetal|100\/100|[from] item: Leftovers\n|-damage|p1a: Conkeldurr|76\/100 brn|[from] brn\n|upkeep\n|turn|30\n|\n|t:|1659478380\n|move|p1a: Conkeldurr|Drain Punch|p2a: Melmetal\n|-supereffective|p2a: Melmetal\n|-damage|p2a: Melmetal|16\/100\n|-heal|p1a: Conkeldurr|100\/100 brn|[from] drain|[of] p2a: Melmetal\n|move|p2a: Melmetal|Double Iron Bash|p1a: Conkeldurr\n|-damage|p1a: Conkeldurr|61\/100 brn\n|-damage|p1a: Conkeldurr|20\/100 brn\n|-hitcount|p1a: Conkeldurr|2\n|\n|-heal|p2a: Melmetal|23\/100|[from] item: Leftovers\n|-damage|p1a: Conkeldurr|14\/100 brn|[from] brn\n|upkeep\n|turn|31\n|\n|t:|1659478389\n|move|p2a: Melmetal|Protect|p2a: Melmetal\n|-singleturn|p2a: Melmetal|Protect\n|move|p1a: Conkeldurr|Drain Punch|p2a: Melmetal\n|-activate|p2a: Melmetal|move: Protect\n|\n|-heal|p2a: Melmetal|29\/100|[from] item: Leftovers\n|-damage|p1a: Conkeldurr|8\/100 brn|[from] brn\n|-fieldend|move: Electric Terrain\n|upkeep\n|turn|32\n|\n|t:|1659478393\n|move|p2a: Melmetal|Protect|p2a: Melmetal\n|-singleturn|p2a: Melmetal|Protect\n|move|p1a: Conkeldurr|Drain Punch|p2a: Melmetal\n|-activate|p2a: Melmetal|move: Protect\n|\n|-heal|p2a: Melmetal|35\/100|[from] item: Leftovers\n|-damage|p1a: Conkeldurr|2\/100 brn|[from] brn\n|upkeep\n|turn|33\n|\n|t:|1659478397\n|move|p2a: Melmetal|Protect||[still]\n|-fail|p2a: Melmetal\n|move|p1a: Conkeldurr|Drain Punch|p2a: Melmetal\n|-supereffective|p2a: Melmetal\n|-damage|p2a: Melmetal|0 fnt\n|-heal|p1a: Conkeldurr|21\/100 brn|[from] drain|[of] p2a: Melmetal\n|faint|p2a: Melmetal\n|\n|-damage|p1a: Conkeldurr|15\/100 brn|[from] brn\n|upkeep\n|\n|t:|1659478399\n|switch|p2a: Rillaboom|Rillaboom, F|36\/100\n|-damage|p2a: Rillaboom|23\/100|[from] Stealth Rock\n|-fieldstart|move: Grassy Terrain|[from] ability: Grassy Surge|[of] p2a: Rillaboom\n|turn|34\n|\n|t:|1659478403\n|move|p2a: Rillaboom|Grassy Glide|p1a: Conkeldurr\n|-damage|p1a: Conkeldurr|0 fnt\n|faint|p1a: Conkeldurr\n|\n|-heal|p2a: Rillaboom|29\/100|[from] Grassy Terrain\n|-heal|p2a: Rillaboom|36\/100|[from] item: Leftovers\n|upkeep\n|\n|t:|1659478405\n|switch|p1a: Tapu Koko|Tapu Koko|88\/100\n|-fieldstart|move: Electric Terrain|[from] ability: Electric Surge|[of] p1a: Tapu Koko\n|turn|35\n|\n|t:|1659478407\n|move|p1a: Tapu Koko|U-turn|p2a: Rillaboom\n|-supereffective|p2a: Rillaboom\n|-damage|p2a: Rillaboom|5\/100\n|\n|t:|1659478409\n|switch|p1a: Landorus|Landorus-Therian, M|7\/100 tox|[from]move: U-turn\n|-damage|p1a: Landorus|0 fnt|[from] Stealth Rock\n|faint|p1a: Landorus\n|move|p2a: Rillaboom|Grassy Glide|p1: Landorus|[notarget]\n|-fail|p2a: Rillaboom\n|\n|-heal|p2a: Rillaboom|11\/100|[from] item: Leftovers\n|upkeep\n|\n|t:|1659478411\n|switch|p1a: Tapu Koko|Tapu Koko|88\/100\n|turn|36\n|c|\u2606LT91BB pop smoke|stupid game\n|c|\u2606LT91BB pop smoke|gg\n|-message|LT91BB pop smoke forfeited.\n|\n|win|Juyen RP PLF\n|raw|Juyen RP PLF's rating: 1872 &rarr; <strong>1900<\/strong><br \/>(+28 for winning)\n|raw|LT91BB pop smoke's rating: 2016 &rarr; <strong>1988<\/strong><br \/>(-28 for losing)\n|l|\u2606LT91BB pop smoke\n|l|\u2606Juyen RP PLF\n|j| egal\u2605vanc\n|l| LT91BB Tace\n|l| lt91bb ez\n|l| Curryisnotgood\n|j| tavvi\n|l| egal\u2605vanc\n|l| tavvi\n||Ladder isn't responding, score probably updated but might not have (Request timeout).\n|l| LT91BB xray\n|j| lt91bb star\n|l| lt91bb star\n","uploadtime":1659479071,"views":65,"p1id":"juyenrpplf","p2id":"lt91bbpopsmoke","formatid":"gen8ou","rating":1900,"private":0,"password":null}