{"id":"gen8ou-1252415060","p1":"lando expando","p2":"ramsay lord bolton","format":"gen8ou","log":"|html|<div class=\"broadcast-blue\"><strong>[Gen 8] OU is currently suspecting Urshifu-S! For information on how to participate check out the <a href=\"https:\/\/www.smogon.com\/forums\/threads\/np-ss-ou-suspect-process-round-8-aint-no-rest-for-the-wicked.3675310\/\">suspect thread<\/a>.<\/strong><\/div>\n|j|\u2606lando expando\n|j|\u2606ramsay lord bolton\n|t:|1609271045\n|player|p1|lando expando|rocketgrunt|1747\n|player|p2|ramsay lord bolton|1|1745\n|teamsize|p1|6\n|teamsize|p2|6\n|gametype|singles\n|gen|8\n|tier|[Gen 8] OU\n|rated|\n|clearpoke\n|poke|p1|Tyrantrum, M|\n|poke|p1|Latios, M|\n|poke|p1|Heatran, F|\n|poke|p1|Slowbro, M|\n|poke|p1|Landorus-Therian, M|\n|poke|p1|Drapion, M|\n|poke|p2|Blaziken, M|\n|poke|p2|Buzzwole|\n|poke|p2|Magearna|\n|poke|p2|Grimmsnarl, M|\n|poke|p2|Landorus-Therian, M|\n|poke|p2|Urshifu-*, M|\n|rule|Sleep Clause Mod: Limit one foe put to sleep\n|rule|Species Clause: Limit one of each Pok\u00e9mon\n|rule|OHKO Clause: OHKO moves are banned\n|rule|Evasion Moves Clause: Evasion moves are banned\n|rule|Endless Battle Clause: Forcing endless battles is banned\n|rule|HP Percentage Mod: HP is shown in percentages\n|rule|Dynamax Clause: You cannot dynamax\n|teampreview\n|j| shawnmyrelle\n|j| odin77\n|c| shawnmyrelle|let the match begin!\n|inactive|Battle timer is ON: inactive players will automatically lose when time's up. (requested by ramsay lord bolton)\n|\n|t:|1609271085\n|start\n|switch|p1a: Slowbro|Slowbro, M|100\/100\n|switch|p2a: Grimmsnarl|Grimmsnarl, M|100\/100\n|turn|1\n|j| Vessev\n|\n|t:|1609271092\n|move|p2a: Grimmsnarl|Light Screen|p2a: Grimmsnarl\n|-sidestart|p2: ramsay lord bolton|move: Light Screen\n|move|p1a: Slowbro|Scald|p2a: Grimmsnarl\n|-damage|p2a: Grimmsnarl|90\/100\n|-status|p2a: Grimmsnarl|brn\n|\n|-damage|p2a: Grimmsnarl|83\/100 brn|[from] brn\n|upkeep\n|turn|2\n|\n|t:|1609271101\n|switch|p2a: Magearna|Magearna|100\/100\n|move|p1a: Slowbro|Scald|p2a: Magearna\n|-damage|p2a: Magearna|89\/100\n|-status|p2a: Magearna|brn\n|\n|-heal|p2a: Magearna|95\/100 brn|[from] item: Leftovers\n|-damage|p2a: Magearna|89\/100 brn|[from] brn\n|upkeep\n|turn|3\n|\n|t:|1609271113\n|switch|p2a: Buzzwole|Buzzwole|100\/100\n|switch|p1a: Heatran|Heatran, F|100\/100\n|\n|upkeep\n|turn|4\n|\n|t:|1609271119\n|switch|p1a: Slowbro|Slowbro, M|100\/100\n|move|p2a: Buzzwole|Bulk Up|p2a: Buzzwole\n|-boost|p2a: Buzzwole|atk|1\n|-boost|p2a: Buzzwole|def|1\n|\n|upkeep\n|turn|5\n|\n|t:|1609271125\n|move|p2a: Buzzwole|Leech Life|p1a: Slowbro\n|-supereffective|p1a: Slowbro\n|-damage|p1a: Slowbro|0 fnt\n|-damage|p2a: Buzzwole|84\/100|[from] item: Rocky Helmet|[of] p1a: Slowbro\n|-damage|p2a: Buzzwole|74\/100|[from] item: Life Orb\n|faint|p1a: Slowbro\n|-ability|p2a: Buzzwole|Beast Boost|boost\n|-boost|p2a: Buzzwole|atk|1\n|\n|upkeep\n|\n|t:|1609271133\n|switch|p1a: Latios|Latios, M|100\/100\n|turn|6\n|\n|t:|1609271135\n|move|p1a: Latios|Psychic|p2a: Buzzwole\n|-supereffective|p2a: Buzzwole\n|-damage|p2a: Buzzwole|0 fnt\n|-damage|p1a: Latios|91\/100|[from] item: Life Orb\n|faint|p2a: Buzzwole\n|\n|upkeep\n|l| shawnmyrelle\n|\n|t:|1609271150\n|switch|p2a: Landorus|Landorus-Therian, M|100\/100\n|-ability|p2a: Landorus|Intimidate|boost\n|-unboost|p1a: Latios|atk|1\n|turn|7\n|\n|t:|1609271163\n|move|p1a: Latios|Psychic|p2a: Landorus\n|-damage|p2a: Landorus|72\/100\n|-damage|p1a: Latios|81\/100|[from] item: Life Orb\n|move|p2a: Landorus|Rock Polish|p2a: Landorus\n|-boost|p2a: Landorus|spe|2\n|\n|-heal|p2a: Landorus|78\/100|[from] item: Leftovers\n|upkeep\n|turn|8\n|\n|t:|1609271176\n|move|p2a: Landorus|Swords Dance|p2a: Landorus\n|-boost|p2a: Landorus|atk|2\n|move|p1a: Latios|Psychic|p2a: Landorus\n|-damage|p2a: Landorus|48\/100\n|-damage|p1a: Latios|71\/100|[from] item: Life Orb\n|\n|-heal|p2a: Landorus|54\/100|[from] item: Leftovers\n|-sideend|p2: ramsay lord bolton|move: Light Screen\n|upkeep\n|turn|9\n|\n|t:|1609271184\n|move|p2a: Landorus|Fly||[still]\n|-prepare|p2a: Landorus|Fly\n|move|p1a: Latios|Draco Meteor|p2a: Landorus|[miss]\n|-miss|p1a: Latios|p2a: Landorus\n|\n|-heal|p2a: Landorus|61\/100|[from] item: Leftovers\n|upkeep\n|turn|10\n|\n|t:|1609271198\n|switch|p1a: Drapion|Drapion, M|100\/100\n|move|p2a: Landorus|Fly|p1a: Drapion|[from]lockedmove\n|-damage|p1a: Drapion|20\/100\n|-damage|p2a: Landorus|44\/100|[from] item: Rocky Helmet|[of] p1a: Drapion\n|\n|-heal|p2a: Landorus|50\/100|[from] item: Leftovers\n|upkeep\n|turn|11\n|\n|t:|1609271207\n|move|p2a: Landorus|Fly||[still]\n|-prepare|p2a: Landorus|Fly\n|move|p1a: Drapion|Knock Off|p2a: Landorus|[miss]\n|-miss|p1a: Drapion|p2a: Landorus\n|\n|-heal|p2a: Landorus|57\/100|[from] item: Leftovers\n|upkeep\n|turn|12\n|\n|t:|1609271212\n|move|p2a: Landorus|Fly|p1a: Drapion|[from]lockedmove\n|-damage|p1a: Drapion|0 fnt\n|-damage|p2a: Landorus|40\/100|[from] item: Rocky Helmet|[of] p1a: Drapion\n|faint|p1a: Drapion\n|\n|-heal|p2a: Landorus|47\/100|[from] item: Leftovers\n|upkeep\n|\n|t:|1609271215\n|switch|p1a: Landorus|Landorus-Therian, M|100\/100\n|-ability|p1a: Landorus|Intimidate|boost\n|-unboost|p2a: Landorus|atk|1\n|turn|13\n|\n|t:|1609271223\n|move|p1a: Landorus|Stone Edge|p2a: Landorus\n|-crit|p2a: Landorus\n|-damage|p2a: Landorus|0 fnt\n|faint|p2a: Landorus\n|\n|upkeep\n|\n|t:|1609271227\n|switch|p2a: Urshifu|Urshifu-Rapid-Strike, M|100\/100\n|turn|14\n|\n|t:|1609271233\n|switch|p1a: Tyrantrum|Tyrantrum, M|100\/100\n|move|p2a: Urshifu|Bulk Up|p2a: Urshifu\n|-boost|p2a: Urshifu|atk|1\n|-boost|p2a: Urshifu|def|1\n|\n|upkeep\n|turn|15\n|\n|t:|1609271240\n|move|p1a: Tyrantrum|Outrage|p2a: Urshifu\n|-damage|p2a: Urshifu|48\/100\n|move|p2a: Urshifu|Drain Punch|p1a: Tyrantrum\n|-supereffective|p1a: Tyrantrum\n|-damage|p1a: Tyrantrum|0 fnt\n|-heal|p2a: Urshifu|92\/100|[from] drain|[of] p1a: Tyrantrum\n|-damage|p2a: Urshifu|82\/100|[from] item: Life Orb\n|faint|p1a: Tyrantrum\n|\n|upkeep\n|j| pokemonkorea co kr\n|\n|t:|1609271245\n|switch|p1a: Latios|Latios, M|71\/100\n|turn|16\n|\n|t:|1609271253\n|switch|p2a: Magearna|Magearna|89\/100 brn\n|move|p1a: Latios|Psychic|p2a: Magearna\n|-resisted|p2a: Magearna\n|-crit|p2a: Magearna\n|-damage|p2a: Magearna|50\/100 brn\n|-damage|p1a: Latios|61\/100|[from] item: Life Orb\n|\n|-heal|p2a: Magearna|56\/100 brn|[from] item: Leftovers\n|-damage|p2a: Magearna|50\/100 brn|[from] brn\n|upkeep\n|turn|17\n|\n|t:|1609271262\n|switch|p2a: Grimmsnarl|Grimmsnarl, M|83\/100 brn\n|move|p1a: Latios|Mystical Fire|p2a: Grimmsnarl\n|-damage|p2a: Grimmsnarl|60\/100 brn\n|-unboost|p2a: Grimmsnarl|spa|1\n|-damage|p1a: Latios|51\/100|[from] item: Life Orb\n|\n|-damage|p2a: Grimmsnarl|54\/100 brn|[from] brn\n|upkeep\n|turn|18\n|j| Zombini62\n|j| TartarianSauce\n|\n|t:|1609271271\n|move|p2a: Grimmsnarl|Light Screen|p2a: Grimmsnarl\n|-sidestart|p2: ramsay lord bolton|move: Light Screen\n|move|p1a: Latios|Roost|p1a: Latios\n|-heal|p1a: Latios|100\/100\n|-singleturn|p1a: Latios|move: Roost\n|\n|-damage|p2a: Grimmsnarl|47\/100 brn|[from] brn\n|upkeep\n|turn|19\n|j| DJR123\n|\n|t:|1609271277\n|switch|p1a: Heatran|Heatran, F|100\/100\n|move|p2a: Grimmsnarl|Spirit Break|p1a: Heatran\n|-resisted|p1a: Heatran\n|-damage|p1a: Heatran|97\/100\n|-unboost|p1a: Heatran|spa|1\n|\n|-heal|p1a: Heatran|100\/100|[from] item: Leftovers\n|-damage|p2a: Grimmsnarl|41\/100 brn|[from] brn\n|upkeep\n|turn|20\n|j| GassyGhastly\n|l| GassyGhastly\n|\n|t:|1609271288\n|switch|p1a: Landorus|Landorus-Therian, M|100\/100\n|-ability|p1a: Landorus|Intimidate|boost\n|-unboost|p2a: Grimmsnarl|atk|1\n|move|p2a: Grimmsnarl|Spirit Break|p1a: Landorus\n|-damage|p1a: Landorus|90\/100\n|-unboost|p1a: Landorus|spa|1\n|\n|-damage|p2a: Grimmsnarl|35\/100 brn|[from] brn\n|upkeep\n|turn|21\n|\n|t:|1609271298\n|move|p2a: Grimmsnarl|Reflect|p2a: Grimmsnarl\n|-sidestart|p2: ramsay lord bolton|Reflect\n|move|p1a: Landorus|U-turn|p2a: Grimmsnarl\n|-damage|p2a: Grimmsnarl|20\/100 brn\n|\n|t:|1609271307\n|switch|p1a: Latios|Latios, M|100\/100|[from]move: U-turn\n|\n|-damage|p2a: Grimmsnarl|14\/100 brn|[from] brn\n|upkeep\n|turn|22\n|\n|t:|1609271311\n|switch|p1a: Landorus|Landorus-Therian, M|90\/100\n|-ability|p1a: Landorus|Intimidate|boost\n|-unboost|p2a: Grimmsnarl|atk|1\n|move|p2a: Grimmsnarl|Spirit Break|p1a: Landorus\n|-damage|p1a: Landorus|80\/100\n|-unboost|p1a: Landorus|spa|1\n|\n|-damage|p2a: Grimmsnarl|8\/100 brn|[from] brn\n|upkeep\n|turn|23\n|\n|t:|1609271324\n|switch|p2a: Magearna|Magearna|50\/100 brn\n|move|p1a: Landorus|U-turn|p2a: Magearna\n|-resisted|p2a: Magearna\n|-damage|p2a: Magearna|47\/100 brn\n|\n|t:|1609271328\n|switch|p1a: Heatran|Heatran, F|100\/100|[from]move: U-turn\n|\n|-heal|p2a: Magearna|53\/100 brn|[from] item: Leftovers\n|-damage|p2a: Magearna|47\/100 brn|[from] brn\n|upkeep\n|turn|24\n|\n|t:|1609271336\n|switch|p2a: Blaziken|Blaziken, M|100\/100\n|move|p1a: Heatran|Taunt|p2a: Blaziken\n|-start|p2a: Blaziken|move: Taunt\n|\n|upkeep\n|turn|25\n|l| odin77\n|\n|t:|1609271344\n|switch|p1a: Landorus|Landorus-Therian, M|80\/100\n|-ability|p1a: Landorus|Intimidate|boost\n|-unboost|p2a: Blaziken|atk|1\n|move|p2a: Blaziken|Blaze Kick|p1a: Landorus\n|-damage|p1a: Landorus|36\/100\n|-damage|p2a: Blaziken|91\/100|[from] item: Life Orb\n|\n|-sideend|p2: ramsay lord bolton|move: Light Screen\n|-ability|p2a: Blaziken|Speed Boost|boost\n|-boost|p2a: Blaziken|spe|1\n|upkeep\n|turn|26\n|\n|t:|1609271356\n|switch|p2a: Magearna|Magearna|47\/100 brn\n|move|p1a: Landorus|Earthquake|p2a: Magearna\n|-supereffective|p2a: Magearna\n|-damage|p2a: Magearna|0 fnt\n|faint|p2a: Magearna\n|\n|upkeep\n|\n|t:|1609271363\n|switch|p2a: Urshifu|Urshifu-Rapid-Strike, M|82\/100\n|turn|27\n|\n|t:|1609271366\n|switch|p1a: Latios|Latios, M|100\/100\n|move|p2a: Urshifu|Aqua Jet|p1a: Latios\n|-resisted|p1a: Latios\n|-damage|p1a: Latios|80\/100\n|-damage|p2a: Urshifu|72\/100|[from] item: Life Orb\n|\n|upkeep\n|turn|28\n|j| jghdgdhuyfduj\n|j| carmout\n|\n|t:|1609271377\n|move|p1a: Latios|Mystical Fire|p2a: Urshifu\n|-resisted|p2a: Urshifu\n|-damage|p2a: Urshifu|49\/100\n|-unboost|p2a: Urshifu|spa|1\n|-damage|p1a: Latios|70\/100|[from] item: Life Orb\n|move|p2a: Urshifu|Surging Strikes|p1a: Latios\n|-resisted|p1a: Latios\n|-crit|p1a: Latios\n|-damage|p1a: Latios|52\/100\n|-resisted|p1a: Latios\n|-crit|p1a: Latios\n|-damage|p1a: Latios|33\/100\n|-resisted|p1a: Latios\n|-crit|p1a: Latios\n|-damage|p1a: Latios|14\/100\n|-hitcount|p1a: Latios|3\n|-damage|p2a: Urshifu|39\/100|[from] item: Life Orb\n|\n|-sideend|p2: ramsay lord bolton|Reflect\n|upkeep\n|turn|29\n|j| Saindzaku\n|\n|t:|1609271393\n|switch|p1a: Landorus|Landorus-Therian, M|36\/100\n|-ability|p1a: Landorus|Intimidate|boost\n|-unboost|p2a: Urshifu|atk|1\n|move|p2a: Urshifu|Aqua Jet|p1a: Landorus\n|-supereffective|p1a: Landorus\n|-damage|p1a: Landorus|0 fnt\n|-damage|p2a: Urshifu|29\/100|[from] item: Life Orb\n|faint|p1a: Landorus\n|\n|upkeep\n|\n|t:|1609271395\n|switch|p1a: Latios|Latios, M|14\/100\n|turn|30\n|\n|t:|1609271408\n|switch|p2a: Grimmsnarl|Grimmsnarl, M|8\/100 brn\n|move|p1a: Latios|Roost|p1a: Latios\n|-heal|p1a: Latios|65\/100\n|-singleturn|p1a: Latios|move: Roost\n|\n|-damage|p2a: Grimmsnarl|2\/100 brn|[from] brn\n|upkeep\n|turn|31\n|\n|t:|1609271415\n|move|p2a: Grimmsnarl|Light Screen|p2a: Grimmsnarl\n|-sidestart|p2: ramsay lord bolton|move: Light Screen\n|move|p1a: Latios|Mystical Fire|p2a: Grimmsnarl\n|-damage|p2a: Grimmsnarl|0 fnt\n|-damage|p1a: Latios|55\/100|[from] item: Life Orb\n|faint|p2a: Grimmsnarl\n|\n|upkeep\n|\n|t:|1609271421\n|switch|p2a: Urshifu|Urshifu-Rapid-Strike, M|29\/100\n|turn|32\n|\n|t:|1609271424\n|move|p2a: Urshifu|Aqua Jet|p1a: Latios\n|-resisted|p1a: Latios\n|-damage|p1a: Latios|33\/100\n|-damage|p2a: Urshifu|19\/100|[from] item: Life Orb\n|move|p1a: Latios|Psychic|p2a: Urshifu\n|-supereffective|p2a: Urshifu\n|-damage|p2a: Urshifu|0 fnt\n|-damage|p1a: Latios|23\/100|[from] item: Life Orb\n|faint|p2a: Urshifu\n|\n|upkeep\n|\n|t:|1609271433\n|switch|p2a: Blaziken|Blaziken, M|91\/100\n|turn|33\n|\n|t:|1609271437\n|move|p1a: Latios|Psychic|p2a: Blaziken\n|-supereffective|p2a: Blaziken\n|-damage|p2a: Blaziken|0 fnt\n|-damage|p1a: Latios|13\/100|[from] item: Life Orb\n|faint|p2a: Blaziken\n|\n|win|lando expando\n|j| Reign1997\n|l|\u2606ramsay lord bolton\n|l|\u2606lando expando\n|l| TartarianSauce\n|l| Zombini62\n|l| pokemonkorea co kr\n|l| DJR123\n||Ladder (probably) updated, but score could not be retrieved (Request timeout).\n|j| BAKED GXE\n|l| BAKED GXE\n|l| jghdgdhuyfduj\n","uploadtime":1609271450,"views":48,"p1id":"landoexpando","p2id":"ramsaylordbolton","formatid":"gen8ou","rating":0,"private":0,"password":null}