{"id":"gen8ou-1183977171","p1":"LT74PF ZESTI","p2":"ezwz","format":"gen8ou","log":"|raw|<div class=\"broadcast-blue\"><strong>This battle is required to be public due to a player having a name starting with 'LT74PF'.<\/div>\n|j|\u2606LT74PF ZESTI\n|j|\u2606ezwz\n|t:|1599668492\n|player|p1|LT74PF ZESTI|dancer|2047\n|player|p2|ezwz|youngster-gen4|2032\n|teamsize|p1|6\n|teamsize|p2|6\n|gametype|singles\n|gen|8\n|tier|[Gen 8] OU\n|rated|\n|clearpoke\n|poke|p1|Raichu-Alola, F|\n|poke|p1|Skarmory, F|\n|poke|p1|Pincurchin, M|\n|poke|p1|Hawlucha, M|\n|poke|p1|Rotom-Wash|\n|poke|p1|Amoonguss, F|\n|poke|p2|Hippowdon, M|\n|poke|p2|Excadrill, M|\n|poke|p2|Magnezone|\n|poke|p2|Clefable, M|\n|poke|p2|Toxapex, M|\n|poke|p2|Skarmory, M|\n|rule|Sleep Clause Mod: Limit one foe put to sleep\n|rule|Species Clause: Limit one of each Pok\u00e9mon\n|rule|OHKO Clause: OHKO moves are banned\n|rule|Evasion Moves Clause: Evasion moves are banned\n|rule|Endless Battle Clause: Forcing endless battles is banned\n|rule|HP Percentage Mod: HP is shown in percentages\n|rule|Dynamax Clause: You cannot dynamax\n|teampreview\n|c|\u2606LT74PF ZESTI|hf\n|inactive|Battle timer is ON: inactive players will automatically lose when time's up. (requested by LT74PF ZESTI)\n|j| GrookeyGaming\n|c|\u2606ezwz|u2\n|j| fluffy cows\n|j| Xomdlo\n|inactive|ezwz has 120 seconds left.\n|j| xpcipxcicx\n|\n|t:|1599668554\n|start\n|switch|p1a: Rotom|Rotom-Wash|100\/100\n|switch|p2a: Clefable|Clefable, M|100\/100\n|turn|1\n|j| RasodaMainKaunTha?\n|\n|t:|1599668563\n|move|p1a: Rotom|Nasty Plot|p1a: Rotom\n|-boost|p1a: Rotom|spa|2\n|move|p2a: Clefable|Moonblast|p1a: Rotom\n|-damage|p1a: Rotom|62\/100\n|\n|upkeep\n|turn|2\n|j| VvvV1250\n|\n|t:|1599668578\n|move|p1a: Rotom|Hydro Pump|p2a: Clefable\n|-damage|p2a: Clefable|0 fnt\n|faint|p2a: Clefable\n|\n|upkeep\n|c|\u2606ezwz|hm i dont got nothing for this lol\n|\n|t:|1599668595\n|switch|p2a: Hippowdon|Hippowdon, M|100\/100\n|-weather|Sandstorm|[from] ability: Sand Stream|[of] p2a: Hippowdon\n|turn|3\n|\n|t:|1599668603\n|switch|p2a: Toxapex|Toxapex, M|100\/100\n|move|p1a: Rotom|Hydro Pump|p2a: Toxapex\n|-resisted|p2a: Toxapex\n|-damage|p2a: Toxapex|57\/100\n|\n|-weather|Sandstorm|[upkeep]\n|-damage|p1a: Rotom|56\/100|[from] Sandstorm\n|-damage|p2a: Toxapex|51\/100|[from] Sandstorm\n|-heal|p2a: Toxapex|57\/100|[from] item: Leftovers\n|upkeep\n|turn|4\n|\n|t:|1599668609\n|switch|p2a: Excadrill|Excadrill, M|100\/100\n|move|p1a: Rotom|Thunderbolt|p2a: Excadrill\n|-immune|p2a: Excadrill\n|\n|-weather|Sandstorm|[upkeep]\n|-damage|p1a: Rotom|49\/100|[from] Sandstorm\n|upkeep\n|turn|5\n|j| Kobayashi OP\n|\n|t:|1599668625\n|switch|p2a: Toxapex|Toxapex, M|90\/100\n|move|p1a: Rotom|Hydro Pump|p2a: Toxapex|[miss]\n|-miss|p1a: Rotom|p2a: Toxapex\n|\n|-weather|Sandstorm|[upkeep]\n|-damage|p1a: Rotom|43\/100|[from] Sandstorm\n|-damage|p2a: Toxapex|84\/100|[from] Sandstorm\n|-heal|p2a: Toxapex|90\/100|[from] item: Leftovers\n|upkeep\n|turn|6\n|\n|t:|1599668630\n|switch|p2a: Excadrill|Excadrill, M|100\/100\n|move|p1a: Rotom|Substitute|p1a: Rotom\n|-start|p1a: Rotom|Substitute\n|-damage|p1a: Rotom|18\/100\n|-enditem|p1a: Rotom|Salac Berry|[eat]\n|-boost|p1a: Rotom|spe|1|[from] item: Salac Berry\n|\n|-weather|Sandstorm|[upkeep]\n|-damage|p1a: Rotom|12\/100|[from] Sandstorm\n|upkeep\n|turn|7\n|\n|t:|1599668634\n|move|p1a: Rotom|Hydro Pump|p2a: Excadrill\n|-supereffective|p2a: Excadrill\n|-damage|p2a: Excadrill|0 fnt\n|faint|p2a: Excadrill\n|\n|-weather|Sandstorm|[upkeep]\n|-damage|p1a: Rotom|6\/100|[from] Sandstorm\n|upkeep\n|j| xwshbxwsxbjk\n|\n|t:|1599668647\n|switch|p2a: Magnezone|Magnezone|100\/100\n|turn|8\n|\n|t:|1599668652\n|switch|p2a: Toxapex|Toxapex, M|100\/100\n|move|p1a: Rotom|Thunderbolt|p2a: Toxapex\n|-supereffective|p2a: Toxapex\n|-damage|p2a: Toxapex|0 fnt\n|faint|p2a: Toxapex\n|\n|-weather|Sandstorm|[upkeep]\n|-damage|p1a: Rotom|0 fnt|[from] Sandstorm\n|faint|p1a: Rotom\n|upkeep\n|l| GrookeyGaming\n|\n|t:|1599668670\n|switch|p1a: Pincurchin|Pincurchin, M|100\/100\n|switch|p2a: Magnezone|Magnezone|100\/100\n|-fieldstart|move: Electric Terrain|[from] ability: Electric Surge|[of] p1a: Pincurchin\n|turn|9\n|l| xwshbxwsxbjk\n|j| xwshbxwsxbjk\n|inactive|ezwz has 120 seconds left.\n|\n|t:|1599668707\n|move|p2a: Magnezone|Thunderbolt|p1a: Pincurchin\n|-resisted|p1a: Pincurchin\n|-damage|p1a: Pincurchin|62\/100\n|move|p1a: Pincurchin|Toxic Spikes|p2a: Magnezone\n|-sidestart|p2: ezwz|move: Toxic Spikes\n|\n|-weather|Sandstorm|[upkeep]\n|-damage|p1a: Pincurchin|57\/100|[from] Sandstorm\n|upkeep\n|turn|10\n|\n|t:|1599668715\n|move|p2a: Magnezone|Iron Defense|p2a: Magnezone\n|-boost|p2a: Magnezone|def|2\n|move|p1a: Pincurchin|Spikes|p2a: Magnezone\n|-sidestart|p2: ezwz|Spikes\n|\n|-weather|none\n|upkeep\n|turn|11\n|inactive|ezwz has 120 seconds left.\n|inactive|ezwz has 90 seconds left.\n|\n|t:|1599668752\n|switch|p1a: Raichu|Raichu-Alola, F|100\/100\n|move|p2a: Magnezone|Substitute|p2a: Magnezone\n|-start|p2a: Magnezone|Substitute\n|-damage|p2a: Magnezone|76\/100\n|\n|-heal|p2a: Magnezone|82\/100|[from] item: Leftovers\n|upkeep\n|turn|12\n|inactive|ezwz has 90 seconds left.\n|l| xpcipxcicx\n|\n|t:|1599668779\n|move|p1a: Raichu|Rising Voltage|p2a: Magnezone\n|-resisted|p2a: Magnezone\n|-end|p2a: Magnezone|Substitute\n|move|p2a: Magnezone|Body Press|p1a: Raichu\n|-resisted|p1a: Raichu\n|-damage|p1a: Raichu|32\/100\n|\n|-heal|p2a: Magnezone|88\/100|[from] item: Leftovers\n|upkeep\n|turn|13\n|\n|t:|1599668803\n|move|p1a: Raichu|Focus Blast|p2a: Magnezone\n|-supereffective|p2a: Magnezone\n|-damage|p2a: Magnezone|0 fnt\n|faint|p2a: Magnezone\n|\n|upkeep\n|\n|t:|1599668807\n|switch|p2a: Hippowdon|Hippowdon, M|100\/100\n|-status|p2a: Hippowdon|psn\n|-damage|p2a: Hippowdon|88\/100 psn|[from] Spikes\n|-weather|Sandstorm|[from] ability: Sand Stream|[of] p2a: Hippowdon\n|turn|14\n|j| faunazon\n|\n|t:|1599668813\n|move|p1a: Raichu|Focus Blast|p2a: Hippowdon\n|-damage|p2a: Hippowdon|59\/100 psn\n|move|p2a: Hippowdon|Stealth Rock|p1a: Raichu\n|-sidestart|p1: LT74PF ZESTI|move: Stealth Rock\n|\n|-weather|Sandstorm|[upkeep]\n|-damage|p1a: Raichu|26\/100|[from] Sandstorm\n|-damage|p2a: Hippowdon|47\/100 psn|[from] psn\n|upkeep\n|turn|15\n|j| yiyue\n|\n|t:|1599668818\n|move|p1a: Raichu|Psyshock|p2a: Hippowdon\n|-damage|p2a: Hippowdon|21\/100 psn\n|move|p2a: Hippowdon|Slack Off|p2a: Hippowdon\n|-heal|p2a: Hippowdon|71\/100 psn\n|\n|-weather|Sandstorm|[upkeep]\n|-damage|p1a: Raichu|20\/100|[from] Sandstorm\n|-enditem|p1a: Raichu|Iapapa Berry|[eat]\n|-heal|p1a: Raichu|53\/100|[from] item: Iapapa Berry\n|-damage|p2a: Hippowdon|59\/100 psn|[from] psn\n|upkeep\n|turn|16\n|\n|t:|1599668828\n|move|p1a: Raichu|Nasty Plot|p1a: Raichu\n|-boost|p1a: Raichu|spa|2\n|move|p2a: Hippowdon|Earthquake|p1a: Raichu\n|-supereffective|p1a: Raichu\n|-damage|p1a: Raichu|0 fnt\n|faint|p1a: Raichu\n|\n|-weather|Sandstorm|[upkeep]\n|-damage|p2a: Hippowdon|46\/100 psn|[from] psn\n|-fieldend|move: Electric Terrain\n|upkeep\n|\n|t:|1599668834\n|switch|p1a: Amoonguss|Amoonguss, F|100\/100\n|-damage|p1a: Amoonguss|88\/100|[from] Stealth Rock\n|turn|17\n|c|\u2606ezwz|gg\n|-message|ezwz forfeited.\n|\n|win|LT74PF ZESTI\n|l|\u2606ezwz\n|c|\u2606LT74PF ZESTI|gg\n|l| fluffy cows\n|l| VvvV1250\n|l|\u2606LT74PF ZESTI\n|l| Xomdlo\n","uploadtime":1599668859,"views":304,"p1id":"lt74pfzesti","p2id":"ezwz","formatid":"gen8ou","rating":0,"private":0,"password":null}