{"id":"gen8ou-1373994024","p1":"fasterfaster88","p2":"not mb","format":"gen8ou","log":"|j|\u2606fasterfaster88\n|j|\u203dnot mb\n|t:|1625889407\n|gametype|singles\n|player|p1|fasterfaster88|lass-gen4dp|1811\n|player|p2|not mb|#wcop2020uswest|1887\n|teamsize|p1|6\n|teamsize|p2|6\n|gen|8\n|tier|[Gen 8] OU\n|rated|\n|rule|Sleep Clause Mod: Limit one foe put to sleep\n|rule|Species Clause: Limit one of each Pok\u00e9mon\n|rule|OHKO Clause: OHKO moves are banned\n|rule|Evasion Moves Clause: Evasion moves are banned\n|rule|Endless Battle Clause: Forcing endless battles is banned\n|rule|HP Percentage Mod: HP is shown in percentages\n|rule|Dynamax Clause: You cannot dynamax\n|clearpoke\n|poke|p1|Aegislash, F|\n|poke|p1|Mamoswine, F|\n|poke|p1|Toxapex, M|\n|poke|p1|Clefable, M|\n|poke|p1|Zapdos|\n|poke|p1|Umbreon, M|\n|poke|p2|Zeraora|\n|poke|p2|Buzzwole|\n|poke|p2|Landorus-Therian, M|\n|poke|p2|Swampert, F|\n|poke|p2|Ferrothorn, F|\n|poke|p2|Tapu Lele|\n|teampreview\n|inactive|Battle timer is ON: inactive players will automatically lose when time's up. (requested by fasterfaster88)\n|j| Poesy\n|inactive|not mb has 120 seconds left.\n|j| 2DpkmN\n|l| 2DpkmN\n|inactive|not mb has 90 seconds left.\n|\n|t:|1625889470\n|start\n|switch|p1a: Toxapex|Toxapex, M|100\/100\n|switch|p2a: Landorus|Landorus-Therian, M|100\/100\n|-ability|p2a: Landorus|Intimidate|boost\n|-unboost|p1a: Toxapex|atk|1\n|turn|1\n|inactive|fasterfaster88 has 120 seconds left.\n|\n|t:|1625889525\n|move|p2a: Landorus|Earthquake|p1a: Toxapex\n|-supereffective|p1a: Toxapex\n|-damage|p1a: Toxapex|29\/100\n|move|p1a: Toxapex|Toxic Spikes|p2a: Landorus\n|-sidestart|p2: not mb|move: Toxic Spikes\n|\n|upkeep\n|turn|2\n|\n|t:|1625889533\n|move|p2a: Landorus|Knock Off|p1a: Toxapex\n|-damage|p1a: Toxapex|9\/100\n|-enditem|p1a: Toxapex|Shed Shell|[from] move: Knock Off|[of] p2a: Landorus\n|move|p1a: Toxapex|Scald|p2a: Landorus\n|-supereffective|p2a: Landorus\n|-damage|p2a: Landorus|64\/100\n|\n|-heal|p2a: Landorus|70\/100|[from] item: Leftovers\n|upkeep\n|turn|3\n|\n|t:|1625889537\n|switch|p1a: Zapdos|Zapdos|100\/100\n|move|p2a: Landorus|Knock Off|p1a: Zapdos\n|-damage|p1a: Zapdos|62\/100\n|-status|p2a: Landorus|par|[from] ability: Static|[of] p1a: Zapdos\n|-enditem|p1a: Zapdos|Heavy-Duty Boots|[from] move: Knock Off|[of] p2a: Landorus\n|\n|-heal|p2a: Landorus|76\/100 par|[from] item: Leftovers\n|upkeep\n|turn|4\n|\n|t:|1625889551\n|switch|p2a: Zeraora|Zeraora|100\/100\n|move|p1a: Zapdos|Hurricane|p2a: Zeraora|[miss]\n|-miss|p1a: Zapdos|p2a: Zeraora\n|\n|upkeep\n|turn|5\n|\n|t:|1625889557\n|switch|p1a: Umbreon|Umbreon, M|100\/100\n|move|p2a: Zeraora|Bulk Up|p2a: Zeraora\n|-boost|p2a: Zeraora|atk|1\n|-boost|p2a: Zeraora|def|1\n|\n|upkeep\n|turn|6\n|\n|t:|1625889561\n|move|p2a: Zeraora|Knock Off|p1a: Umbreon\n|-resisted|p1a: Umbreon\n|-damage|p1a: Umbreon|87\/100\n|-enditem|p1a: Umbreon|Leftovers|[from] move: Knock Off|[of] p2a: Zeraora\n|move|p1a: Umbreon|Foul Play|p2a: Zeraora\n|-damage|p2a: Zeraora|39\/100\n|\n|upkeep\n|turn|7\n|\n|t:|1625889565\n|switch|p2a: Ferrothorn|Ferrothorn, F|100\/100\n|move|p1a: Umbreon|Foul Play|p2a: Ferrothorn\n|-damage|p2a: Ferrothorn|75\/100\n|-damage|p1a: Umbreon|74\/100|[from] ability: Iron Barbs|[of] p2a: Ferrothorn\n|-enditem|p2a: Ferrothorn|Eject Button\n|\n|t:|1625889567\n|switch|p2a: Landorus|Landorus-Therian, M|76\/100 par\n|-ability|p2a: Landorus|Intimidate|boost\n|-unboost|p1a: Umbreon|atk|1\n|\n|-heal|p2a: Landorus|82\/100 par|[from] item: Leftovers\n|upkeep\n|turn|8\n|j| ReignXXXX\n|\n|t:|1625889576\n|move|p1a: Umbreon|Wish|p1a: Umbreon\n|move|p2a: Landorus|Defog|p1a: Umbreon\n|-unboost|p1a: Umbreon|evasion|1\n|-sideend|p2: not mb|Toxic Spikes|[from] move: Defog|[of] p2a: Landorus\n|\n|-heal|p2a: Landorus|88\/100 par|[from] item: Leftovers\n|upkeep\n|turn|9\n|\n|t:|1625889582\n|move|p1a: Umbreon|Foul Play|p2a: Landorus\n|-damage|p2a: Landorus|59\/100 par\n|move|p2a: Landorus|U-turn|p1a: Umbreon\n|-supereffective|p1a: Umbreon\n|-damage|p1a: Umbreon|48\/100\n|\n|t:|1625889588\n|switch|p2a: Ferrothorn|Ferrothorn, F|75\/100|[from]move: U-turn\n|\n|-heal|p1a: Umbreon|98\/100|[from] move: Wish|[wisher] Umbreon\n|upkeep\n|turn|10\n|\n|t:|1625889594\n|move|p1a: Umbreon|Wish|p1a: Umbreon\n|move|p2a: Ferrothorn|Leech Seed|p1a: Umbreon\n|-start|p1a: Umbreon|move: Leech Seed\n|\n|-damage|p1a: Umbreon|86\/100|[from] Leech Seed|[of] p2a: Ferrothorn\n|-heal|p2a: Ferrothorn|89\/100|[silent]\n|upkeep\n|turn|11\n|\n|t:|1625889597\n|switch|p1a: Zapdos|Zapdos|62\/100\n|move|p2a: Ferrothorn|Stealth Rock|p1a: Zapdos\n|-sidestart|p1: fasterfaster88|move: Stealth Rock\n|\n|-heal|p1a: Zapdos|100\/100|[from] move: Wish|[wisher] Umbreon\n|upkeep\n|turn|12\n|\n|t:|1625889601\n|move|p1a: Zapdos|Defog|p2a: Ferrothorn\n|-unboost|p2a: Ferrothorn|evasion|1\n|-sideend|p1: fasterfaster88|Stealth Rock|[from] move: Defog|[of] p1a: Zapdos\n|move|p2a: Ferrothorn|Leech Seed|p1a: Zapdos\n|-start|p1a: Zapdos|move: Leech Seed\n|\n|-damage|p1a: Zapdos|88\/100|[from] Leech Seed|[of] p2a: Ferrothorn\n|-heal|p2a: Ferrothorn|99\/100|[silent]\n|upkeep\n|turn|13\n|\n|t:|1625889604\n|move|p1a: Zapdos|Heat Wave|p2a: Ferrothorn\n|-supereffective|p2a: Ferrothorn\n|-damage|p2a: Ferrothorn|11\/100\n|move|p2a: Ferrothorn|Stealth Rock|p1a: Zapdos\n|-sidestart|p1: fasterfaster88|move: Stealth Rock\n|\n|-damage|p1a: Zapdos|76\/100|[from] Leech Seed|[of] p2a: Ferrothorn\n|-heal|p2a: Ferrothorn|23\/100|[silent]\n|upkeep\n|turn|14\n|\n|t:|1625889608\n|switch|p1a: Umbreon|Umbreon, M|86\/100\n|-damage|p1a: Umbreon|73\/100|[from] Stealth Rock\n|move|p2a: Ferrothorn|Stealth Rock||[still]\n|-fail|p2a: Ferrothorn\n|\n|upkeep\n|turn|15\n|\n|t:|1625889611\n|move|p1a: Umbreon|Wish|p1a: Umbreon\n|move|p2a: Ferrothorn|Leech Seed|p1a: Umbreon\n|-start|p1a: Umbreon|move: Leech Seed\n|\n|-damage|p1a: Umbreon|61\/100|[from] Leech Seed|[of] p2a: Ferrothorn\n|-heal|p2a: Ferrothorn|37\/100|[silent]\n|upkeep\n|turn|16\n|\n|t:|1625889617\n|switch|p1a: Zapdos|Zapdos|76\/100\n|-damage|p1a: Zapdos|51\/100|[from] Stealth Rock\n|move|p2a: Ferrothorn|Leech Seed|p1a: Zapdos\n|-start|p1a: Zapdos|move: Leech Seed\n|\n|-heal|p1a: Zapdos|100\/100|[from] move: Wish|[wisher] Umbreon\n|-damage|p1a: Zapdos|88\/100|[from] Leech Seed|[of] p2a: Ferrothorn\n|-heal|p2a: Ferrothorn|48\/100|[silent]\n|upkeep\n|turn|17\n|j| Oxnp\n|\n|t:|1625889627\n|move|p1a: Zapdos|Defog|p2a: Ferrothorn\n|-unboost|p2a: Ferrothorn|evasion|1\n|-sideend|p1: fasterfaster88|Stealth Rock|[from] move: Defog|[of] p1a: Zapdos\n|move|p2a: Ferrothorn|Stealth Rock|p1a: Zapdos\n|-sidestart|p1: fasterfaster88|move: Stealth Rock\n|\n|-damage|p1a: Zapdos|76\/100|[from] Leech Seed|[of] p2a: Ferrothorn\n|-heal|p2a: Ferrothorn|59\/100|[silent]\n|upkeep\n|turn|18\n|\n|t:|1625889633\n|switch|p2a: Tapu Lele|Tapu Lele|100\/100\n|-fieldstart|move: Psychic Terrain|[from] ability: Psychic Surge|[of] p2a: Tapu Lele\n|move|p1a: Zapdos|Heat Wave|p2a: Tapu Lele|[miss]\n|-miss|p1a: Zapdos|p2a: Tapu Lele\n|\n|-damage|p1a: Zapdos|63\/100|[from] Leech Seed|[of] p2a: Tapu Lele\n|upkeep\n|turn|19\n|j| abraz.bashar\n|l| ReignXXXX\n|\n|t:|1625889643\n|move|p1a: Zapdos|Volt Switch|p2a: Tapu Lele\n|-damage|p2a: Tapu Lele|60\/100\n|\n|t:|1625889645\n|switch|p1a: GOAT|Aegislash, F|100\/100|[from]move: Volt Switch\n|-damage|p1a: GOAT|94\/100|[from] Stealth Rock\n|move|p2a: Tapu Lele|Psyshock|p1a: GOAT\n|-resisted|p1a: GOAT\n|-damage|p1a: GOAT|61\/100\n|\n|upkeep\n|turn|20\n|\n|t:|1625889650\n|switch|p2a: Swampert|Swampert, F|100\/100\n|-formechange|p1a: GOAT|Aegislash-Blade||[from] ability: Stance Change\n|move|p1a: GOAT|Shadow Ball|p2a: Swampert\n|-damage|p2a: Swampert|65\/100\n|\n|-heal|p2a: Swampert|71\/100|[from] item: Leftovers\n|upkeep\n|turn|21\n|j| 2DpkmN\n|\n|t:|1625889655\n|switch|p1a: Umbreon|Umbreon, M|61\/100\n|-damage|p1a: Umbreon|48\/100|[from] Stealth Rock\n|move|p2a: Swampert|Flip Turn|p1a: Umbreon\n|-damage|p1a: Umbreon|36\/100\n|l| 2DpkmN\n|\n|t:|1625889663\n|switch|p2a: Zeraora|Zeraora|39\/100|[from]move: Flip Turn\n|\n|upkeep\n|turn|22\n|\n|t:|1625889668\n|move|p2a: Zeraora|Close Combat|p1a: Umbreon\n|-supereffective|p1a: Umbreon\n|-damage|p1a: Umbreon|0 fnt\n|-unboost|p2a: Zeraora|def|1\n|-unboost|p2a: Zeraora|spd|1\n|faint|p1a: Umbreon\n|\n|-fieldend|move: Psychic Terrain\n|upkeep\n|\n|t:|1625889680\n|switch|p1a: Goat#2|Mamoswine, F|100\/100\n|-damage|p1a: Goat#2|88\/100|[from] Stealth Rock\n|turn|23\n|\n|t:|1625889685\n|switch|p2a: Buzzwole|Buzzwole|100\/100\n|move|p1a: Goat#2|Icicle Crash|p2a: Buzzwole\n|-damage|p2a: Buzzwole|67\/100\n|\n|upkeep\n|turn|24\n|j| cute pink team\n|\n|t:|1625889697\n|move|p1a: Goat#2|Icicle Crash|p2a: Buzzwole\n|-damage|p2a: Buzzwole|36\/100\n|cant|p2a: Buzzwole|flinch\n|\n|upkeep\n|turn|25\n|\n|t:|1625889702\n|move|p1a: Goat#2|Icicle Crash|p2a: Buzzwole\n|-damage|p2a: Buzzwole|6\/100\n|move|p2a: Buzzwole|Close Combat|p1a: Goat#2\n|-supereffective|p1a: Goat#2\n|-damage|p1a: Goat#2|0 fnt\n|-unboost|p2a: Buzzwole|def|1\n|-unboost|p2a: Buzzwole|spd|1\n|faint|p1a: Goat#2\n|-ability|p2a: Buzzwole|Beast Boost|boost\n|-boost|p2a: Buzzwole|atk|1\n|\n|upkeep\n|\n|t:|1625889710\n|switch|p1a: Zapdos|Zapdos|63\/100\n|-damage|p1a: Zapdos|38\/100|[from] Stealth Rock\n|turn|26\n|\n|t:|1625889713\n|move|p1a: Zapdos|Defog|p2a: Buzzwole\n|-unboost|p2a: Buzzwole|evasion|1\n|-sideend|p1: fasterfaster88|Stealth Rock|[from] move: Defog|[of] p1a: Zapdos\n|move|p2a: Buzzwole|Close Combat|p1a: Zapdos\n|-resisted|p1a: Zapdos\n|-damage|p1a: Zapdos|0 fnt\n|-unboost|p2a: Buzzwole|def|1\n|-unboost|p2a: Buzzwole|spd|1\n|faint|p1a: Zapdos\n|-ability|p2a: Buzzwole|Beast Boost|boost\n|-boost|p2a: Buzzwole|atk|1\n|\n|upkeep\n|\n|t:|1625889717\n|switch|p1a: GOAT|Aegislash, F|61\/100\n|turn|27\n|\n|t:|1625889723\n|-formechange|p1a: GOAT|Aegislash-Blade||[from] ability: Stance Change\n|move|p1a: GOAT|Shadow Sneak|p2a: Buzzwole\n|-damage|p2a: Buzzwole|0 fnt\n|faint|p2a: Buzzwole\n|\n|upkeep\n|\n|t:|1625889731\n|switch|p2a: Tapu Lele|Tapu Lele|60\/100\n|-fieldstart|move: Psychic Terrain|[from] ability: Psychic Surge|[of] p2a: Tapu Lele\n|turn|28\n|\n|t:|1625889734\n|-formechange|p1a: GOAT|Aegislash||[from] ability: Stance Change\n|move|p1a: GOAT|King's Shield|p1a: GOAT\n|-singleturn|p1a: GOAT|Protect\n|move|p2a: Tapu Lele|Psyshock|p1a: GOAT\n|-activate|p1a: GOAT|move: Protect\n|\n|upkeep\n|turn|29\n|j| inninj\n|\n|t:|1625889737\n|switch|p2a: Swampert|Swampert, F|71\/100\n|-formechange|p1a: GOAT|Aegislash-Blade||[from] ability: Stance Change\n|move|p1a: GOAT|Shadow Ball|p2a: Swampert\n|-damage|p2a: Swampert|35\/100\n|-unboost|p2a: Swampert|spd|1\n|\n|-heal|p2a: Swampert|41\/100|[from] item: Leftovers\n|upkeep\n|turn|30\n|\n|t:|1625889745\n|-formechange|p1a: GOAT|Aegislash||[from] ability: Stance Change\n|move|p1a: GOAT|King's Shield|p1a: GOAT\n|-singleturn|p1a: GOAT|Protect\n|move|p2a: Swampert|Protect||[still]\n|-fail|p2a: Swampert\n|\n|-heal|p2a: Swampert|47\/100|[from] item: Leftovers\n|upkeep\n|turn|31\n|\n|t:|1625889750\n|switch|p2a: Landorus|Landorus-Therian, M|59\/100 par\n|-ability|p2a: Landorus|Intimidate|boost\n|-unboost|p1a: GOAT|atk|1\n|-formechange|p1a: GOAT|Aegislash-Blade||[from] ability: Stance Change\n|move|p1a: GOAT|Shadow Ball|p2a: Landorus\n|-damage|p2a: Landorus|0 fnt\n|faint|p2a: Landorus\n|\n|upkeep\n|\n|t:|1625889753\n|switch|p2a: Zeraora|Zeraora|39\/100\n|turn|32\n|\n|t:|1625889758\n|-formechange|p1a: GOAT|Aegislash||[from] ability: Stance Change\n|move|p1a: GOAT|King's Shield|p1a: GOAT\n|-singleturn|p1a: GOAT|Protect\n|move|p2a: Zeraora|Bulk Up|p2a: Zeraora\n|-boost|p2a: Zeraora|atk|1\n|-boost|p2a: Zeraora|def|1\n|\n|-fieldend|move: Psychic Terrain\n|upkeep\n|turn|33\n|\n|t:|1625889766\n|switch|p1a: Clefable|Clefable, M|100\/100\n|move|p2a: Zeraora|Knock Off|p1a: Clefable\n|-resisted|p1a: Clefable\n|-damage|p1a: Clefable|86\/100\n|-enditem|p1a: Clefable|Leftovers|[from] move: Knock Off|[of] p2a: Zeraora\n|\n|upkeep\n|turn|34\n|\n|t:|1625889777\n|move|p2a: Zeraora|Plasma Fists|p1a: Clefable\n|-damage|p1a: Clefable|39\/100\n|move|p1a: Clefable|Moonblast|p2a: Zeraora\n|-damage|p2a: Zeraora|1\/100\n|\n|upkeep\n|turn|35\n|\n|t:|1625889783\n|switch|p1a: Toxapex|Toxapex, M|42\/100\n|move|p2a: Zeraora|Plasma Fists|p1a: Toxapex\n|-supereffective|p1a: Toxapex\n|-damage|p1a: Toxapex|0 fnt\n|faint|p1a: Toxapex\n|\n|upkeep\n|\n|t:|1625889785\n|switch|p1a: GOAT|Aegislash, F|61\/100\n|turn|36\n|\n|t:|1625889793\n|-formechange|p1a: GOAT|Aegislash-Blade||[from] ability: Stance Change\n|move|p1a: GOAT|Shadow Sneak|p2a: Zeraora\n|-damage|p2a: Zeraora|0 fnt\n|faint|p2a: Zeraora\n|\n|upkeep\n|\n|t:|1625889795\n|switch|p2a: Swampert|Swampert, F|47\/100\n|turn|37\n|\n|t:|1625889801\n|-formechange|p1a: GOAT|Aegislash||[from] ability: Stance Change\n|move|p1a: GOAT|King's Shield|p1a: GOAT\n|-singleturn|p1a: GOAT|Protect\n|move|p2a: Swampert|Earthquake|p1a: GOAT\n|-activate|p1a: GOAT|move: Protect\n|\n|-heal|p2a: Swampert|53\/100|[from] item: Leftovers\n|upkeep\n|turn|38\n|\n|t:|1625889807\n|-formechange|p1a: GOAT|Aegislash-Blade||[from] ability: Stance Change\n|move|p1a: GOAT|Shadow Ball|p2a: Swampert\n|-damage|p2a: Swampert|20\/100\n|move|p2a: Swampert|Flip Turn|p1a: GOAT\n|-damage|p1a: GOAT|0 fnt\n|faint|p1a: GOAT\n|\n|t:|1625889810\n|switch|p2a: Tapu Lele|Tapu Lele|60\/100|[from]move: Flip Turn\n|-fieldstart|move: Psychic Terrain|[from] ability: Psychic Surge|[of] p2a: Tapu Lele\n|\n|upkeep\n|-message|fasterfaster88 forfeited.\n|\n|win|not mb\n|raw|fasterfaster88's rating: 1811 &rarr; <strong>1795<\/strong><br \/>(-16 for losing)\n|raw|not mb's rating: 1887 &rarr; <strong>1903<\/strong><br \/>(+16 for winning)\n|l|\u2606fasterfaster88\n|l| abraz.bashar\n|l| inninj\n|l|\u203dnot mb\n|l| Oxnp\n","uploadtime":1625889882,"views":29,"p1id":"fasterfaster88","p2id":"notmb","formatid":"gen8ou","rating":1795,"private":0,"password":null}