{"id":"gen8ou-1039349557","p1":"Rheinmetal","p2":"Fffffrrrrreeeez","format":"gen8ou","log":"|j|\u2606Rheinmetal\n|j|\u2606Fffffrrrrreeeez\n|player|p1|Rheinmetal|cynthia|1337\n|player|p2|Fffffrrrrreeeez|1|1350\n|teamsize|p1|6\n|teamsize|p2|6\n|gametype|singles\n|gen|8\n|tier|[Gen 8] OU\n|rated|\n|rule|Sleep Clause Mod: Limit one foe put to sleep\n|rule|Species Clause: Limit one of each Pok\u00e9mon\n|rule|OHKO Clause: OHKO moves are banned\n|rule|Evasion Moves Clause: Evasion moves are banned\n|rule|Endless Battle Clause: Forcing endless battles is banned\n|rule|HP Percentage Mod: HP is shown in percentages\n|clearpoke\n|poke|p1|Hippowdon, M|\n|poke|p1|Excadrill, F|\n|poke|p1|Tyranitar, F|\n|poke|p1|Bisharp, M|\n|poke|p1|Rotom-Mow|\n|poke|p1|Conkeldurr, M|\n|poke|p2|Toxicroak, F|\n|poke|p2|Hawlucha, M|\n|poke|p2|Dragapult, F|\n|poke|p2|Araquanid, F|\n|poke|p2|Excadrill, M|\n|poke|p2|Indeedee, M|\n|rule|Dynamax Clause: You cannot dynamax\n|teampreview\n|inactive|Battle timer is ON: inactive players will automatically lose when time's up. (requested by Rheinmetal)\n|\n|start\n|switch|p1a: Hippowdon|Hippowdon, M|100\/100\n|switch|p2a: Hawlucha|Hawlucha, M|100\/100\n|-weather|Sandstorm|[from] ability: Sand Stream|[of] p1a: Hippowdon\n|turn|1\n|\n|switch|p2a: Araquanid|Araquanid, F|100\/100\n|move|p1a: Hippowdon|Stealth Rock|p2a: Araquanid\n|-sidestart|p2: Fffffrrrrreeeez|move: Stealth Rock\n|\n|-weather|Sandstorm|[upkeep]\n|-damage|p2a: Araquanid|94\/100|[from] Sandstorm\n|upkeep\n|turn|2\n|\n|switch|p1a: Rotom|Rotom-Mow, shiny|100\/100\n|move|p2a: Araquanid|Leech Life|p1a: Rotom\n|-supereffective|p1a: Rotom\n|-damage|p1a: Rotom|15\/100\n|-heal|p2a: Araquanid|100\/100|[from] drain|[of] p1a: Rotom\n|\n|-weather|Sandstorm|[upkeep]\n|-damage|p1a: Rotom|9\/100|[from] Sandstorm\n|-damage|p2a: Araquanid|94\/100|[from] Sandstorm\n|upkeep\n|turn|3\n|\n|switch|p2a: Excadrill|Excadrill, M|100\/100\n|-damage|p2a: Excadrill|97\/100|[from] Stealth Rock\n|-ability|p2a: Excadrill|Mold Breaker\n|move|p1a: Rotom|Volt Switch|p2a: Excadrill\n|-immune|p2a: Excadrill\n|\n|-weather|Sandstorm|[upkeep]\n|-damage|p1a: Rotom|3\/100|[from] Sandstorm\n|upkeep\n|turn|4\n|\n|switch|p1a: Conkeldurr|Conkeldurr, M|100\/100\n|move|p2a: Excadrill|Rapid Spin|p1a: Conkeldurr\n|-damage|p1a: Conkeldurr|84\/100\n|-sideend|p2: Fffffrrrrreeeez|Stealth Rock|[from] move: Rapid Spin|[of] p2a: Excadrill\n|-boost|p2a: Excadrill|spe|1\n|\n|-weather|Sandstorm|[upkeep]\n|-damage|p1a: Conkeldurr|78\/100|[from] Sandstorm\n|-heal|p1a: Conkeldurr|84\/100|[from] item: Leftovers\n|upkeep\n|turn|5\n|\n|switch|p2a: Indeedee|Indeedee, M|100\/100\n|-fieldstart|move: Psychic Terrain|[from] ability: Psychic Surge|[of] p2a: Indeedee\n|move|p1a: Conkeldurr|Mach Punch|p2a: Indeedee\n|-activate|p2a: Indeedee|move: Psychic Terrain\n|\n|-weather|none\n|-heal|p1a: Conkeldurr|90\/100|[from] item: Leftovers\n|upkeep\n|turn|6\n|\n|switch|p1a: Tyranitar|Tyranitar, F|100\/100\n|-weather|Sandstorm|[from] ability: Sand Stream|[of] p1a: Tyranitar\n|move|p2a: Indeedee|Dazzling Gleam|p1a: Tyranitar\n|-supereffective|p1a: Tyranitar\n|-damage|p1a: Tyranitar|73\/100\n|\n|-weather|Sandstorm|[upkeep]\n|-damage|p2a: Indeedee|94\/100|[from] Sandstorm\n|upkeep\n|turn|7\n|\n|switch|p2a: Toxicroak|Toxicroak, F|100\/100\n|move|p1a: Tyranitar|Crunch|p2a: Toxicroak\n|-resisted|p2a: Toxicroak\n|-damage|p2a: Toxicroak|64\/100\n|-unboost|p2a: Toxicroak|def|1\n|\n|-weather|Sandstorm|[upkeep]\n|-damage|p2a: Toxicroak|58\/100|[from] Sandstorm\n|-heal|p2a: Toxicroak|64\/100|[from] item: Leftovers\n|upkeep\n|turn|8\n|\n|switch|p2a: Araquanid|Araquanid, F|94\/100\n|switch|p1a: Hippowdon|Hippowdon, M|100\/100\n|\n|-weather|Sandstorm|[upkeep]\n|-damage|p2a: Araquanid|88\/100|[from] Sandstorm\n|upkeep\n|turn|9\n|\n|move|p1a: Hippowdon|Stealth Rock|p2a: Araquanid\n|-sidestart|p2: Fffffrrrrreeeez|move: Stealth Rock\n|move|p2a: Araquanid|Liquidation|p1a: Hippowdon\n|-supereffective|p1a: Hippowdon\n|-damage|p1a: Hippowdon|17\/100\n|\n|-weather|Sandstorm|[upkeep]\n|-damage|p2a: Araquanid|82\/100|[from] Sandstorm\n|-heal|p1a: Hippowdon|23\/100|[from] item: Leftovers\n|-fieldend|move: Psychic Terrain\n|upkeep\n|turn|10\n|\n|move|p1a: Hippowdon|Earthquake|p2a: Araquanid\n|-resisted|p2a: Araquanid\n|-damage|p2a: Araquanid|63\/100\n|move|p2a: Araquanid|Leech Life|p1a: Hippowdon\n|-damage|p1a: Hippowdon|7\/100\n|-heal|p2a: Araquanid|73\/100|[from] drain|[of] p1a: Hippowdon\n|\n|-weather|none\n|-heal|p1a: Hippowdon|14\/100|[from] item: Leftovers\n|upkeep\n|turn|11\n|\n|move|p1a: Hippowdon|Earthquake|p2a: Araquanid\n|-resisted|p2a: Araquanid\n|-damage|p2a: Araquanid|53\/100\n|move|p2a: Araquanid|Giga Drain|p1a: Hippowdon\n|-supereffective|p1a: Hippowdon\n|-damage|p1a: Hippowdon|0 fnt\n|-heal|p2a: Araquanid|61\/100|[from] drain|[of] p1a: Hippowdon\n|faint|p1a: Hippowdon\n|\n|upkeep\n|\n|switch|p1a: Rotom|Rotom-Mow, shiny|3\/100\n|turn|12\n|\n|switch|p2a: Dragapult|Dragapult, F|100\/100\n|-damage|p2a: Dragapult|88\/100|[from] Stealth Rock\n|move|p1a: Rotom|Leaf Storm|p2a: Dragapult\n|-resisted|p2a: Dragapult\n|-damage|p2a: Dragapult|51\/100\n|-unboost|p1a: Rotom|spa|2\n|\n|upkeep\n|turn|13\n|\n|switch|p1a: Tyranitar|Tyranitar, F|73\/100\n|-weather|Sandstorm|[from] ability: Sand Stream|[of] p1a: Tyranitar\n|move|p2a: Dragapult|Surf|p1a: Tyranitar\n|-supereffective|p1a: Tyranitar\n|-damage|p1a: Tyranitar|52\/100\n|\n|-weather|Sandstorm|[upkeep]\n|-damage|p2a: Dragapult|45\/100|[from] Sandstorm\n|upkeep\n|turn|14\n|\n|switch|p2a: Toxicroak|Toxicroak, F|64\/100\n|-damage|p2a: Toxicroak|58\/100|[from] Stealth Rock\n|move|p1a: Tyranitar|Crunch|p2a: Toxicroak\n|-resisted|p2a: Toxicroak\n|-damage|p2a: Toxicroak|24\/100\n|\n|-weather|Sandstorm|[upkeep]\n|-damage|p2a: Toxicroak|18\/100|[from] Sandstorm\n|-heal|p2a: Toxicroak|24\/100|[from] item: Leftovers\n|upkeep\n|turn|15\n|\n|switch|p1a: Conkeldurr|Conkeldurr, M|90\/100\n|move|p2a: Toxicroak|Gunk Shot|p1a: Conkeldurr|[miss]\n|-miss|p2a: Toxicroak|p1a: Conkeldurr\n|\n|-weather|Sandstorm|[upkeep]\n|-damage|p2a: Toxicroak|18\/100|[from] Sandstorm\n|-damage|p1a: Conkeldurr|84\/100|[from] Sandstorm\n|-heal|p2a: Toxicroak|24\/100|[from] item: Leftovers\n|-heal|p1a: Conkeldurr|90\/100|[from] item: Leftovers\n|upkeep\n|turn|16\n|\n|move|p2a: Toxicroak|Thunder Punch|p1a: Conkeldurr\n|-damage|p1a: Conkeldurr|70\/100\n|move|p1a: Conkeldurr|Fire Punch|p2a: Toxicroak\n|-damage|p2a: Toxicroak|0 fnt\n|faint|p2a: Toxicroak\n|\n|-weather|Sandstorm|[upkeep]\n|-damage|p1a: Conkeldurr|64\/100|[from] Sandstorm\n|-heal|p1a: Conkeldurr|70\/100|[from] item: Leftovers\n|upkeep\n|inactive|Fffffrrrrreeeez has 120 seconds left.\n|\n|switch|p2a: Hawlucha|Hawlucha, M|100\/100\n|-damage|p2a: Hawlucha|88\/100|[from] Stealth Rock\n|turn|17\n|\n|move|p2a: Hawlucha|Substitute|p2a: Hawlucha\n|-start|p2a: Hawlucha|Substitute\n|-damage|p2a: Hawlucha|63\/100\n|move|p1a: Conkeldurr|Ice Punch|p2a: Hawlucha\n|-supereffective|p2a: Hawlucha\n|-end|p2a: Hawlucha|Substitute\n|\n|-weather|none\n|-heal|p1a: Conkeldurr|76\/100|[from] item: Leftovers\n|upkeep\n|turn|18\n|\n|move|p2a: Hawlucha|Substitute|p2a: Hawlucha\n|-start|p2a: Hawlucha|Substitute\n|-damage|p2a: Hawlucha|38\/100\n|move|p1a: Conkeldurr|Ice Punch|p2a: Hawlucha\n|-supereffective|p2a: Hawlucha\n|-end|p2a: Hawlucha|Substitute\n|\n|-heal|p1a: Conkeldurr|82\/100|[from] item: Leftovers\n|upkeep\n|turn|19\n|\n|move|p2a: Hawlucha|Substitute|p2a: Hawlucha\n|-start|p2a: Hawlucha|Substitute\n|-damage|p2a: Hawlucha|13\/100\n|-enditem|p2a: Hawlucha|Liechi Berry|[eat]\n|-boost|p2a: Hawlucha|atk|1\n|move|p1a: Conkeldurr|Ice Punch|p2a: Hawlucha\n|-supereffective|p2a: Hawlucha\n|-end|p2a: Hawlucha|Substitute\n|\n|-heal|p1a: Conkeldurr|88\/100|[from] item: Leftovers\n|upkeep\n|turn|20\n|\n|move|p2a: Hawlucha|Acrobatics|p1a: Conkeldurr\n|-supereffective|p1a: Conkeldurr\n|-damage|p1a: Conkeldurr|0 fnt\n|faint|p1a: Conkeldurr\n|\n|upkeep\n|\n|switch|p1a: Bisharp|Bisharp, M, shiny|100\/100\n|turn|21\n|\n|move|p1a: Bisharp|Sucker Punch||[still]\n|-fail|p1a: Bisharp\n|move|p2a: Hawlucha|Swords Dance|p2a: Hawlucha\n|-boost|p2a: Hawlucha|atk|2\n|\n|upkeep\n|turn|22\n|\n|switch|p2a: Excadrill|Excadrill, M|97\/100\n|-damage|p2a: Excadrill|94\/100|[from] Stealth Rock\n|-ability|p2a: Excadrill|Mold Breaker\n|move|p1a: Bisharp|Sucker Punch||[still]\n|-fail|p1a: Bisharp\n|\n|upkeep\n|turn|23\n|\n|move|p1a: Bisharp|Sucker Punch|p2a: Excadrill\n|-damage|p2a: Excadrill|30\/100\n|move|p2a: Excadrill|Rapid Spin|p1a: Bisharp\n|-resisted|p1a: Bisharp\n|-damage|p1a: Bisharp|89\/100\n|-sideend|p2: Fffffrrrrreeeez|Stealth Rock|[from] move: Rapid Spin|[of] p2a: Excadrill\n|-boost|p2a: Excadrill|spe|1\n|\n|upkeep\n|turn|24\n|\n|switch|p2a: Indeedee|Indeedee, M|94\/100\n|-fieldstart|move: Psychic Terrain|[from] ability: Psychic Surge|[of] p2a: Indeedee\n|move|p1a: Bisharp|Sucker Punch||[still]\n|-fail|p1a: Bisharp\n|\n|upkeep\n|turn|25\n|\n|move|p2a: Indeedee|Dazzling Gleam|p1a: Bisharp\n|-damage|p1a: Bisharp|27\/100\n|move|p1a: Bisharp|Throat Chop|p2a: Indeedee\n|-supereffective|p2a: Indeedee\n|-damage|p2a: Indeedee|0 fnt\n|faint|p2a: Indeedee\n|\n|upkeep\n|inactive|Fffffrrrrreeeez has 120 seconds left.\n|\n|switch|p2a: Excadrill|Excadrill, M|30\/100\n|-ability|p2a: Excadrill|Mold Breaker\n|turn|26\n|\n|move|p1a: Bisharp|Sucker Punch|p2a: Excadrill\n|-activate|p2a: Excadrill|move: Psychic Terrain\n|move|p2a: Excadrill|Earthquake|p1a: Bisharp\n|-supereffective|p1a: Bisharp\n|-damage|p1a: Bisharp|0 fnt\n|faint|p1a: Bisharp\n|\n|upkeep\n|\n|switch|p1a: Rotom|Rotom-Mow, shiny|3\/100\n|turn|27\n|\n|move|p2a: Excadrill|Earthquake|p1a: Rotom\n|-damage|p1a: Rotom|0 fnt\n|faint|p1a: Rotom\n|\n|upkeep\n|\n|switch|p1a: Tyranitar|Tyranitar, F|52\/100\n|-weather|Sandstorm|[from] ability: Sand Stream|[of] p1a: Tyranitar\n|turn|28\n|\n|move|p2a: Excadrill|Earthquake|p1a: Tyranitar\n|-supereffective|p1a: Tyranitar\n|-damage|p1a: Tyranitar|0 fnt\n|faint|p1a: Tyranitar\n|\n|-weather|Sandstorm|[upkeep]\n|-fieldend|move: Psychic Terrain\n|upkeep\n|\n|switch|p1a: Excadrill|Excadrill, F|100\/100\n|turn|29\n|\n|move|p1a: Excadrill|Earthquake|p2a: Excadrill\n|-supereffective|p2a: Excadrill\n|-damage|p2a: Excadrill|0 fnt\n|-damage|p1a: Excadrill|91\/100|[from] item: Life Orb\n|faint|p2a: Excadrill\n|\n|-weather|Sandstorm|[upkeep]\n|upkeep\n|\n|switch|p2a: Dragapult|Dragapult, F|45\/100\n|turn|30\n|\n|move|p2a: Dragapult|Fire Blast|p1a: Excadrill\n|-supereffective|p1a: Excadrill\n|-damage|p1a: Excadrill|1\/100\n|move|p1a: Excadrill|Earthquake|p2a: Dragapult\n|-damage|p2a: Dragapult|0 fnt\n|-damage|p1a: Excadrill|0 fnt|[from] item: Life Orb\n|faint|p2a: Dragapult\n|faint|p1a: Excadrill\n|\n|win|Fffffrrrrreeeez\n|l|\u2606Rheinmetal\n|raw|Rheinmetal's rating: 1313 &rarr; <strong>1295<\/strong><br \/>(-18 for losing)\n|raw|Fffffrrrrreeeez's rating: 1350 &rarr; <strong>1368<\/strong><br \/>(+18 for winning)\n","uploadtime":1577917594,"views":18,"p1id":"rheinmetal","p2id":"fffffrrrrreeeez","formatid":"gen8ou","rating":1295,"private":0,"password":null}