{"id":"gen8ou-1677590723","p1":"gotsnsd","p2":"Tezile","format":"gen8ou","log":"|j|\u2606gotsnsd\n|j|\u2606Tezile\n|t:|1664908431\n|gametype|singles\n|player|p1|gotsnsd|beauty-gen2jp|1687\n|player|p2|Tezile|2|1754\n|teamsize|p1|6\n|teamsize|p2|6\n|gen|8\n|tier|[Gen 8] OU\n|rated|\n|rule|Sleep Clause Mod: Limit one foe put to sleep\n|rule|Species Clause: Limit one of each Pok\u00e9mon\n|rule|OHKO Clause: OHKO moves are banned\n|rule|Evasion Items Clause: Evasion items are banned\n|rule|Evasion Moves Clause: Evasion moves are banned\n|rule|Endless Battle Clause: Forcing endless battles is banned\n|rule|HP Percentage Mod: HP is shown in percentages\n|rule|Dynamax Clause: You cannot dynamax\n|clearpoke\n|poke|p1|Melmetal|\n|poke|p1|Blacephalon|\n|poke|p1|Tapu Fini|\n|poke|p1|Tornadus-Therian, M|\n|poke|p1|Landorus-Therian, M|\n|poke|p1|Kommo-o, F|\n|poke|p2|Gengar, M|\n|poke|p2|Urshifu-*, F|\n|poke|p2|Heatran, M|\n|poke|p2|Garchomp, M|\n|poke|p2|Tornadus-Therian, M|\n|poke|p2|Ferrothorn, M|\n|teampreview\n|inactive|Battle timer is ON: inactive players will automatically lose when time's up. (requested by gotsnsd)\n|\n|t:|1664908469\n|start\n|switch|p1a: Tapu Fini|Tapu Fini|100\/100\n|switch|p2a: Urshifu|Urshifu-Rapid-Strike, F|100\/100\n|-fieldstart|move: Misty Terrain|[from] ability: Misty Surge|[of] p1a: Tapu Fini\n|turn|1\n|\n|t:|1664908481\n|switch|p2a: Ferrothorn|Ferrothorn, M|100\/100\n|switch|p1a: Kommo-o|Kommo-o, F|100\/100\n|\n|upkeep\n|turn|2\n|\n|t:|1664908489\n|switch|p2a: Tornadus|Tornadus-Therian, M|100\/100\n|move|p1a: Kommo-o|Stealth Rock|p2a: Tornadus\n|-sidestart|p2: Tezile|move: Stealth Rock\n|\n|upkeep\n|turn|3\n|\n|t:|1664908495\n|switch|p1a: Tornadus|Tornadus-Therian, M|100\/100\n|move|p2a: Tornadus|Hurricane|p1a: Tornadus\n|-damage|p1a: Tornadus|55\/100\n|\n|upkeep\n|turn|4\n|\n|t:|1664908501\n|move|p2a: Tornadus|Defog|p1a: Tornadus\n|-unboost|p1a: Tornadus|evasion|1\n|-sideend|p2: Tezile|Stealth Rock|[from] move: Defog|[of] p2a: Tornadus\n|-fieldend|Misty Terrain\n|move|p1a: Tornadus|Knock Off|p2a: Tornadus\n|-damage|p2a: Tornadus|73\/100\n|-enditem|p2a: Tornadus|Heavy-Duty Boots|[from] move: Knock Off|[of] p1a: Tornadus\n|\n|upkeep\n|turn|5\n|\n|t:|1664908511\n|switch|p1a: Landorus|Landorus-Therian, M|100\/100\n|-ability|p1a: Landorus|Intimidate|boost\n|-unboost|p2a: Tornadus|atk|1\n|move|p2a: Tornadus|Hurricane|p1a: Landorus|[miss]\n|-miss|p2a: Tornadus|p1a: Landorus\n|\n|upkeep\n|turn|6\n|\n|t:|1664908521\n|switch|p2a: Ferrothorn|Ferrothorn, M|100\/100\n|move|p1a: Landorus|Swords Dance|p1a: Landorus\n|-boost|p1a: Landorus|atk|2\n|\n|upkeep\n|turn|7\n|\n|t:|1664908535\n|switch|p2a: Urshifu|Urshifu-Rapid-Strike, F|100\/100\n|move|p1a: Landorus|Earthquake|p2a: Urshifu\n|-damage|p2a: Urshifu|7\/100\n|\n|upkeep\n|turn|8\n|\n|t:|1664908541\n|switch|p1a: Kommo-o|Kommo-o, F|100\/100\n|move|p2a: Urshifu|Surging Strikes|p1a: Kommo-o\n|-resisted|p1a: Kommo-o\n|-crit|p1a: Kommo-o\n|-damage|p1a: Kommo-o|93\/100\n|-damage|p2a: Urshifu|0 fnt|[from] item: Rocky Helmet|[of] p1a: Kommo-o\n|faint|p2a: Urshifu\n|-hitcount|p1a: Kommo-o|1\n|\n|upkeep\n|\n|t:|1664908558\n|switch|p2a: Tornadus|Tornadus-Therian, M|100\/100\n|turn|9\n|\n|t:|1664908563\n|switch|p1a: Tornadus|Tornadus-Therian, M|88\/100\n|move|p2a: Tornadus|Hurricane|p1a: Tornadus|[miss]\n|-miss|p2a: Tornadus|p1a: Tornadus\n|\n|upkeep\n|turn|10\n|\n|t:|1664908567\n|move|p2a: Tornadus|Hurricane|p1a: Tornadus|[miss]\n|-miss|p2a: Tornadus|p1a: Tornadus\n|move|p1a: Tornadus|Hurricane|p2a: Tornadus\n|-damage|p2a: Tornadus|52\/100\n|-start|p2a: Tornadus|confusion\n|\n|upkeep\n|turn|11\n|\n|t:|1664908572\n|-activate|p2a: Tornadus|confusion\n|move|p2a: Tornadus|Hurricane|p1a: Tornadus\n|-damage|p1a: Tornadus|39\/100\n|move|p1a: Tornadus|Knock Off|p2a: Tornadus\n|-damage|p2a: Tornadus|32\/100\n|\n|upkeep\n|turn|12\n|\n|t:|1664908582\n|switch|p1a: Tapu Fini|Tapu Fini|100\/100\n|-fieldstart|move: Misty Terrain|[from] ability: Misty Surge|[of] p1a: Tapu Fini\n|-end|p2a: Tornadus|confusion\n|move|p2a: Tornadus|Hurricane|p1a: Tapu Fini\n|-damage|p1a: Tapu Fini|68\/100\n|\n|-heal|p1a: Tapu Fini|74\/100|[from] item: Leftovers\n|upkeep\n|turn|13\n|\n|t:|1664908595\n|switch|p2a: Ferrothorn|Ferrothorn, M|100\/100\n|move|p1a: Tapu Fini|Scald|p2a: Ferrothorn\n|-resisted|p2a: Ferrothorn\n|-damage|p2a: Ferrothorn|89\/100\n|\n|-heal|p1a: Tapu Fini|80\/100|[from] item: Leftovers\n|-heal|p2a: Ferrothorn|95\/100|[from] item: Leftovers\n|upkeep\n|turn|14\n|\n|t:|1664908603\n|switch|p1a: Landorus|Landorus-Therian, M|100\/100\n|-ability|p1a: Landorus|Intimidate|boost\n|-unboost|p2a: Ferrothorn|atk|1\n|move|p2a: Ferrothorn|Spikes|p1a: Landorus\n|-sidestart|p1: gotsnsd|Spikes\n|\n|-heal|p2a: Ferrothorn|100\/100|[from] item: Leftovers\n|upkeep\n|turn|15\n|\n|t:|1664908620\n|move|p1a: Landorus|Swords Dance|p1a: Landorus\n|-boost|p1a: Landorus|atk|2\n|move|p2a: Ferrothorn|Leech Seed|p1a: Landorus\n|-start|p1a: Landorus|move: Leech Seed\n|\n|-damage|p1a: Landorus|88\/100|[from] Leech Seed|[of] p2a: Ferrothorn\n|upkeep\n|turn|16\n|\n|t:|1664908630\n|move|p1a: Landorus|Gravity|p1a: Landorus\n|-fieldstart|move: Gravity\n|move|p2a: Ferrothorn|Spikes|p1a: Landorus\n|-sidestart|p1: gotsnsd|Spikes\n|\n|-heal|p1a: Landorus|94\/100|[from] item: Leftovers\n|-damage|p1a: Landorus|82\/100|[from] Leech Seed|[of] p2a: Ferrothorn\n|-fieldend|Misty Terrain\n|upkeep\n|turn|17\n|\n|t:|1664908635\n|move|p1a: Landorus|Earthquake|p2a: Ferrothorn\n|-damage|p2a: Ferrothorn|45\/100\n|move|p2a: Ferrothorn|Knock Off|p1a: Landorus\n|-damage|p1a: Landorus|68\/100\n|-enditem|p1a: Landorus|Leftovers|[from] move: Knock Off|[of] p2a: Ferrothorn\n|\n|-heal|p2a: Ferrothorn|51\/100|[from] item: Leftovers\n|-damage|p1a: Landorus|56\/100|[from] Leech Seed|[of] p2a: Ferrothorn\n|-heal|p2a: Ferrothorn|65\/100|[silent]\n|upkeep\n|turn|18\n|\n|t:|1664908660\n|switch|p2a: Heatran|Heatran, M|100\/100\n|move|p1a: Landorus|Swords Dance|p1a: Landorus\n|-boost|p1a: Landorus|atk|2\n|\n|-damage|p1a: Landorus|44\/100|[from] Leech Seed|[of] p2a: Heatran\n|upkeep\n|turn|19\n|inactive|Tezile has 120 seconds left.\n|\n|t:|1664908680\n|switch|p2a: Tornadus|Tornadus-Therian, M|65\/100\n|move|p1a: Landorus|Earthquake|p2a: Tornadus\n|-damage|p2a: Tornadus|0 fnt\n|faint|p2a: Tornadus\n|\n|upkeep\n|\n|t:|1664908685\n|switch|p2a: Gengar|Gengar, M|100\/100\n|turn|20\n|\n|t:|1664908689\n|switch|p1a: Kommo-o|Kommo-o, F|93\/100\n|-damage|p1a: Kommo-o|76\/100|[from] Spikes\n|move|p2a: Gengar|Shadow Ball|p1a: Kommo-o\n|-immune|p1a: Kommo-o|[from] ability: Bulletproof\n|\n|-fieldend|move: Gravity\n|upkeep\n|turn|21\n|\n|t:|1664908698\n|switch|p2a: Garchomp|Garchomp, M|100\/100\n|move|p1a: Kommo-o|Stealth Rock|p2a: Garchomp\n|-sidestart|p2: Tezile|move: Stealth Rock\n|\n|upkeep\n|turn|22\n|\n|t:|1664908703\n|move|p2a: Garchomp|Stealth Rock|p1a: Kommo-o\n|-sidestart|p1: gotsnsd|move: Stealth Rock\n|move|p1a: Kommo-o|Toxic|p2a: Garchomp\n|-status|p2a: Garchomp|tox\n|\n|-damage|p2a: Garchomp|94\/100 tox|[from] psn\n|upkeep\n|turn|23\n|\n|t:|1664908708\n|switch|p1a: Tornadus|Tornadus-Therian, M|72\/100\n|move|p2a: Garchomp|Toxic|p1a: Tornadus\n|-status|p1a: Tornadus|tox\n|\n|-heal|p2a: Garchomp|100\/100 tox|[from] item: Leftovers\n|-damage|p1a: Tornadus|66\/100 tox|[from] psn\n|-damage|p2a: Garchomp|88\/100 tox|[from] psn\n|upkeep\n|turn|24\n|\n|t:|1664908711\n|move|p2a: Garchomp|Protect|p2a: Garchomp\n|-singleturn|p2a: Garchomp|Protect\n|move|p1a: Tornadus|Defog|p2a: Garchomp\n|-activate|p2a: Garchomp|move: Protect\n|\n|-heal|p2a: Garchomp|94\/100 tox|[from] item: Leftovers\n|-damage|p1a: Tornadus|54\/100 tox|[from] psn\n|-damage|p2a: Garchomp|76\/100 tox|[from] psn\n|upkeep\n|turn|25\n|\n|t:|1664908716\n|switch|p2a: Heatran|Heatran, M|100\/100\n|-damage|p2a: Heatran|88\/100|[from] Stealth Rock\n|-item|p2a: Heatran|Air Balloon\n|move|p1a: Tornadus|Taunt|p2a: Heatran\n|-start|p2a: Heatran|move: Taunt\n|\n|-damage|p1a: Tornadus|35\/100 tox|[from] psn\n|upkeep\n|turn|26\n|\n|t:|1664908727\n|move|p1a: Tornadus|Defog|p2a: Heatran\n|-unboost|p2a: Heatran|evasion|1\n|-sideend|p2: Tezile|Stealth Rock|[from] move: Defog|[of] p1a: Tornadus\n|-sideend|p1: gotsnsd|Spikes|[from] move: Defog|[of] p1a: Tornadus\n|-sideend|p1: gotsnsd|Stealth Rock|[from] move: Defog|[of] p1a: Tornadus\n|move|p2a: Heatran|Eruption|p1a: Tornadus\n|-damage|p1a: Tornadus|0 fnt\n|faint|p1a: Tornadus\n|\n|upkeep\n|j| skylink4\n|\n|t:|1664908740\n|switch|p1a: Kommo-o|Kommo-o, F|76\/100\n|turn|27\n|\n|t:|1664908754\n|move|p2a: Heatran|Flash Cannon|p1a: Kommo-o\n|-damage|p1a: Kommo-o|39\/100\n|move|p1a: Kommo-o|Body Press|p2a: Heatran\n|-supereffective|p2a: Heatran\n|-damage|p2a: Heatran|2\/100\n|-enditem|p2a: Heatran|Air Balloon\n|\n|-end|p2a: Heatran|move: Taunt\n|upkeep\n|turn|28\n|\n|t:|1664908763\n|switch|p1a: Tapu Fini|Tapu Fini|80\/100\n|-fieldstart|move: Misty Terrain|[from] ability: Misty Surge|[of] p1a: Tapu Fini\n|move|p2a: Heatran|Flash Cannon|p1a: Tapu Fini\n|-damage|p1a: Tapu Fini|54\/100\n|\n|-heal|p1a: Tapu Fini|60\/100|[from] item: Leftovers\n|upkeep\n|turn|29\n|\n|t:|1664908768\n|switch|p2a: Ferrothorn|Ferrothorn, M|65\/100\n|move|p1a: Tapu Fini|Scald|p2a: Ferrothorn\n|-resisted|p2a: Ferrothorn\n|-damage|p2a: Ferrothorn|52\/100\n|\n|-heal|p1a: Tapu Fini|66\/100|[from] item: Leftovers\n|-heal|p2a: Ferrothorn|59\/100|[from] item: Leftovers\n|upkeep\n|turn|30\n|\n|t:|1664908778\n|move|p1a: Tapu Fini|Substitute|p1a: Tapu Fini\n|-start|p1a: Tapu Fini|Substitute\n|-damage|p1a: Tapu Fini|41\/100\n|move|p2a: Ferrothorn|Knock Off|p1a: Tapu Fini\n|-resisted|p1a: Tapu Fini\n|-activate|p1a: Tapu Fini|move: Substitute|[damage]\n|\n|-heal|p1a: Tapu Fini|47\/100|[from] item: Leftovers\n|-heal|p2a: Ferrothorn|65\/100|[from] item: Leftovers\n|upkeep\n|turn|31\n|j| pharmachien\n|\n|t:|1664908781\n|move|p1a: Tapu Fini|Calm Mind|p1a: Tapu Fini\n|-boost|p1a: Tapu Fini|spa|1\n|-boost|p1a: Tapu Fini|spd|1\n|move|p2a: Ferrothorn|Power Whip|p1a: Tapu Fini\n|-supereffective|p1a: Tapu Fini\n|-end|p1a: Tapu Fini|Substitute\n|\n|-heal|p1a: Tapu Fini|53\/100|[from] item: Leftovers\n|-heal|p2a: Ferrothorn|71\/100|[from] item: Leftovers\n|upkeep\n|turn|32\n|\n|t:|1664908786\n|switch|p1a: Kommo-o|Kommo-o, F|39\/100\n|move|p2a: Ferrothorn|Leech Seed|p1a: Kommo-o\n|-start|p1a: Kommo-o|move: Leech Seed\n|\n|-heal|p2a: Ferrothorn|77\/100|[from] item: Leftovers\n|-damage|p1a: Kommo-o|26\/100|[from] Leech Seed|[of] p2a: Ferrothorn\n|-heal|p2a: Ferrothorn|90\/100|[silent]\n|-fieldend|Misty Terrain\n|upkeep\n|turn|33\n|\n|t:|1664908794\n|switch|p2a: Heatran|Heatran, M|2\/100\n|move|p1a: Kommo-o|Stealth Rock|p2a: Heatran\n|-sidestart|p2: Tezile|move: Stealth Rock\n|\n|-damage|p1a: Kommo-o|14\/100|[from] Leech Seed|[of] p2a: Heatran\n|-heal|p2a: Heatran|16\/100|[silent]\n|upkeep\n|turn|34\n|l| skylink4\n|\n|t:|1664908802\n|switch|p1a: Tapu Fini|Tapu Fini|53\/100\n|-fieldstart|move: Misty Terrain|[from] ability: Misty Surge|[of] p1a: Tapu Fini\n|move|p2a: Heatran|Flash Cannon|p1a: Tapu Fini\n|-damage|p1a: Tapu Fini|27\/100\n|\n|-heal|p1a: Tapu Fini|33\/100|[from] item: Leftovers\n|upkeep\n|turn|35\n|\n|t:|1664908808\n|switch|p2a: Ferrothorn|Ferrothorn, M|90\/100\n|-damage|p2a: Ferrothorn|84\/100|[from] Stealth Rock\n|switch|p1a: Blacephalon|Blacephalon|100\/100\n|\n|-heal|p2a: Ferrothorn|90\/100|[from] item: Leftovers\n|upkeep\n|turn|36\n|\n|t:|1664908816\n|switch|p2a: Garchomp|Garchomp, M|76\/100 tox\n|-damage|p2a: Garchomp|70\/100 tox|[from] Stealth Rock\n|move|p1a: Blacephalon|Flamethrower|p2a: Garchomp\n|-resisted|p2a: Garchomp\n|-damage|p2a: Garchomp|31\/100 tox\n|\n|-heal|p2a: Garchomp|37\/100 tox|[from] item: Leftovers\n|-damage|p2a: Garchomp|31\/100 tox|[from] psn\n|upkeep\n|turn|37\n|\n|t:|1664908822\n|switch|p1a: Landorus|Landorus-Therian, M|44\/100\n|-ability|p1a: Landorus|Intimidate|boost\n|-unboost|p2a: Garchomp|atk|1\n|switch|p2a: Heatran|Heatran, M|16\/100\n|-damage|p2a: Heatran|3\/100|[from] Stealth Rock\n|\n|upkeep\n|turn|38\n|\n|t:|1664908826\n|move|p1a: Landorus|Earthquake|p2a: Heatran\n|-supereffective|p2a: Heatran\n|-damage|p2a: Heatran|0 fnt\n|faint|p2a: Heatran\n|\n|-fieldend|Misty Terrain\n|upkeep\n|\n|t:|1664908827\n|switch|p2a: Gengar|Gengar, M|100\/100\n|-damage|p2a: Gengar|88\/100|[from] Stealth Rock\n|turn|39\n|\n|t:|1664908840\n|move|p2a: Gengar|Sludge Wave|p1a: Landorus\n|-resisted|p1a: Landorus\n|-damage|p1a: Landorus|2\/100\n|move|p1a: Landorus|Earthquake|p2a: Gengar\n|-supereffective|p2a: Gengar\n|-damage|p2a: Gengar|0 fnt\n|faint|p2a: Gengar\n|\n|upkeep\n|-message|Tezile forfeited.\n|\n|win|gotsnsd\n|raw|gotsnsd's rating: 1687 &rarr; <strong>1711<\/strong><br \/>(+24 for winning)\n|raw|Tezile's rating: 1754 &rarr; <strong>1730<\/strong><br \/>(-24 for losing)\n|l|\u2606Tezile\n|l| pharmachien\n||Ladder isn't responding, score probably updated but might not have (Request timeout).\n","uploadtime":1664908910,"views":4,"p1id":"gotsnsd","p2id":"tezile","formatid":"gen8ou","rating":1711,"private":0,"password":null}