{"id":"gen8ou-1630222015","p1":"HOF69","p2":"LT91BB rrm","format":"gen8ou","log":"|raw|<div class=\"broadcast-blue\"><strong>This battle is required to be public due to a player having a name starting with 'lt91bb'.<\/div>\n|j|\u2606HOF69\n|j|\u2606LT91BB rrm\n|t:|1659395478\n|gametype|singles\n|player|p1|HOF69|red|1845\n|player|p2|LT91BB rrm|lady|1911\n|teamsize|p1|6\n|teamsize|p2|6\n|gen|8\n|tier|[Gen 8] OU\n|rated|\n|rule|Sleep Clause Mod: Limit one foe put to sleep\n|rule|Species Clause: Limit one of each Pok\u00e9mon\n|rule|OHKO Clause: OHKO moves are banned\n|rule|Evasion Moves Clause: Evasion moves are banned\n|rule|Endless Battle Clause: Forcing endless battles is banned\n|rule|HP Percentage Mod: HP is shown in percentages\n|rule|Dynamax Clause: You cannot dynamax\n|clearpoke\n|poke|p1|Blacephalon|\n|poke|p1|Kartana|\n|poke|p1|Tapu Lele|\n|poke|p1|Landorus-Therian, M|\n|poke|p1|Krookodile, M|\n|poke|p1|Gengar, M|\n|poke|p2|Tapu Lele|\n|poke|p2|Blissey, F|\n|poke|p2|Urshifu-*, F|\n|poke|p2|Landorus-Therian, M|\n|poke|p2|Heatran, F|\n|poke|p2|Slowbro, F|\n|teampreview\n|\n|t:|1659395485\n|start\n|switch|p1a: Kartana|Kartana|100\/100\n|switch|p2a: Urshifu|Urshifu-Rapid-Strike, F|100\/100\n|turn|1\n|\n|t:|1659395496\n|switch|p2a: Landorus|Landorus-Therian, M|100\/100\n|-ability|p2a: Landorus|Intimidate|boost\n|-unboost|p1a: Kartana|atk|1\n|move|p1a: Kartana|Knock Off|p2a: Landorus\n|-damage|p2a: Landorus|82\/100\n|-enditem|p2a: Landorus|Leftovers|[from] move: Knock Off|[of] p1a: Kartana\n|\n|upkeep\n|turn|2\n|\n|t:|1659395511\n|move|p1a: Kartana|Leaf Blade|p2a: Landorus\n|-damage|p2a: Landorus|54\/100\n|move|p2a: Landorus|U-turn|p1a: Kartana\n|-damage|p1a: Kartana|77\/100\n|\n|t:|1659395514\n|switch|p2a: Heatran|Heatran, F|100\/100|[from]move: U-turn\n|\n|upkeep\n|turn|3\n|\n|t:|1659395516\n|switch|p1a: Krookodile|Krookodile, M|100\/100\n|-ability|p1a: Krookodile|Intimidate|boost\n|-unboost|p2a: Heatran|atk|1\n|move|p2a: Heatran|Magma Storm|p1a: Krookodile\n|-damage|p1a: Krookodile|45\/100\n|-activate|p1a: Krookodile|move: Magma Storm|[of] p2a: Heatran\n|\n|-damage|p1a: Krookodile|33\/100|[from] move: Magma Storm|[partiallytrapped]\n|upkeep\n|turn|4\n|\n|t:|1659395523\n|switch|p2a: Landorus|Landorus-Therian, M|54\/100\n|-ability|p2a: Landorus|Intimidate|boost\n|-unboost|p1a: Krookodile|atk|1\n|move|p1a: Krookodile|Stealth Rock|p2a: Landorus\n|-sidestart|p2: LT91BB rrm|move: Stealth Rock\n|\n|-end|p1a: Krookodile|Magma Storm|[partiallytrapped]|[silent]\n|upkeep\n|turn|5\n|\n|t:|1659395526\n|move|p1a: Krookodile|Taunt|p2a: Landorus\n|-start|p2a: Landorus|move: Taunt\n|move|p2a: Landorus|U-turn|p1a: Krookodile\n|-supereffective|p1a: Krookodile\n|-damage|p1a: Krookodile|0 fnt\n|faint|p1a: Krookodile\n|\n|t:|1659395528\n|switch|p2a: Urshifu|Urshifu-Rapid-Strike, F|100\/100|[from]move: U-turn\n|-damage|p2a: Urshifu|94\/100|[from] Stealth Rock\n|\n|upkeep\n|\n|t:|1659395534\n|switch|p1a: Kartana|Kartana|77\/100\n|turn|6\n|\n|t:|1659395536\n|move|p2a: Urshifu|Close Combat|p1a: Kartana\n|-supereffective|p1a: Kartana\n|-damage|p1a: Kartana|0 fnt\n|-unboost|p2a: Urshifu|def|1\n|-unboost|p2a: Urshifu|spd|1\n|faint|p1a: Kartana\n|\n|upkeep\n|\n|t:|1659395545\n|switch|p1a: Gengar|Gengar, M, shiny|100\/100\n|turn|7\n|\n|t:|1659395552\n|switch|p2a: Blissey|Blissey, F|100\/100\n|move|p1a: Gengar|Shadow Ball|p2a: Blissey\n|-immune|p2a: Blissey\n|\n|upkeep\n|turn|8\n|\n|t:|1659395554\n|move|p1a: Gengar|Taunt|p2a: Blissey\n|-start|p2a: Blissey|move: Taunt\n|cant|p2a: Blissey|move: Taunt|Teleport\n|\n|upkeep\n|turn|9\n|\n|t:|1659395557\n|switch|p2a: Heatran|Heatran, F|100\/100\n|-damage|p2a: Heatran|88\/100|[from] Stealth Rock\n|move|p1a: Gengar|Shadow Ball|p2a: Heatran\n|-damage|p2a: Heatran|61\/100\n|\n|-heal|p2a: Heatran|67\/100|[from] item: Leftovers\n|upkeep\n|turn|10\n|\n|t:|1659395561\n|move|p1a: Gengar|Shadow Ball|p2a: Heatran\n|-damage|p2a: Heatran|38\/100\n|move|p2a: Heatran|Stealth Rock|p1a: Gengar\n|-sidestart|p1: HOF69|move: Stealth Rock\n|\n|-heal|p2a: Heatran|44\/100|[from] item: Leftovers\n|upkeep\n|turn|11\n|\n|t:|1659395570\n|move|p1a: Gengar|Shadow Ball|p2a: Heatran\n|-damage|p2a: Heatran|17\/100\n|move|p2a: Heatran|Earth Power|p1a: Gengar\n|-supereffective|p1a: Gengar\n|-damage|p1a: Gengar|12\/100\n|-unboost|p1a: Gengar|spd|1\n|\n|-heal|p2a: Heatran|23\/100|[from] item: Leftovers\n|upkeep\n|turn|12\n|\n|t:|1659395574\n|move|p1a: Gengar|Shadow Ball|p2a: Heatran\n|-damage|p2a: Heatran|0 fnt\n|faint|p2a: Heatran\n|\n|upkeep\n|\n|t:|1659395577\n|switch|p2a: Urshifu|Urshifu-Rapid-Strike, F|94\/100\n|-damage|p2a: Urshifu|88\/100|[from] Stealth Rock\n|turn|13\n|\n|t:|1659395581\n|move|p2a: Urshifu|Surging Strikes|p1a: Gengar\n|-crit|p1a: Gengar\n|-damage|p1a: Gengar|0 fnt\n|faint|p1a: Gengar\n|-hitcount|p1: Gengar|1\n|\n|upkeep\n|-message|HOF69 forfeited.\n|\n|win|LT91BB rrm\n|raw|HOF69's rating: 1845 &rarr; <strong>1829<\/strong><br \/>(-16 for losing)\n|raw|LT91BB rrm's rating: 1911 &rarr; <strong>1927<\/strong><br \/>(+16 for winning)\n|l|\u2606HOF69\n||Ladder isn't responding, score probably updated but might not have (Request timeout).\n","uploadtime":1659395596,"views":116,"p1id":"hof69","p2id":"lt91bbrrm","formatid":"gen8ou","rating":1829,"private":0,"password":null}