{"id":"gen8ou-1692675178","p1":"x19990908","p2":"bizarman","format":"gen8ou","log":"|html|<div class=\"broadcast-blue\"><strong>[Gen 8] OU is currently suspecting Melmetal! For information on how to participate check out the <a href=\"https:\/\/www.smogon.com\/forums\/threads\/np-ss-ou-suspect-process-round-12-monster-mash.3709234\/\">suspect thread<\/a>.<\/strong><\/div>\n|j|\u2606x19990908\n|j|\u2606bizarman\n|t:|1666519009\n|gametype|singles\n|player|p1|x19990908|101|1738\n|player|p2|bizarman|scientist-gen4|1769\n|teamsize|p1|6\n|teamsize|p2|6\n|gen|8\n|tier|[Gen 8] OU\n|rated|\n|rule|Sleep Clause Mod: Limit one foe put to sleep\n|rule|Species Clause: Limit one of each Pok\u00e9mon\n|rule|OHKO Clause: OHKO moves are banned\n|rule|Evasion Items Clause: Evasion items are banned\n|rule|Evasion Moves Clause: Evasion moves are banned\n|rule|Endless Battle Clause: Forcing endless battles is banned\n|rule|HP Percentage Mod: HP is shown in percentages\n|rule|Dynamax Clause: You cannot dynamax\n|clearpoke\n|poke|p1|Landorus-Therian, M|\n|poke|p1|Blissey, F|\n|poke|p1|Tapu Lele|\n|poke|p1|Nidoking, M|\n|poke|p1|Corviknight, F|\n|poke|p1|Urshifu-*, F|\n|poke|p2|Volcanion|\n|poke|p2|Tapu Koko|\n|poke|p2|Ferrothorn, M|\n|poke|p2|Landorus-Therian, M|\n|poke|p2|Tornadus-Therian, M|\n|poke|p2|Garchomp, F|\n|teampreview\n|inactive|Battle timer is ON: inactive players will automatically lose when time's up. (requested by x19990908)\n|j| Le Herbo\n|\n|t:|1666519038\n|start\n|switch|p1a: Urshifu|Urshifu-Rapid-Strike, F|100\/100\n|switch|p2a: Tornadus|Tornadus-Therian, M|100\/100\n|turn|1\n|\n|t:|1666519047\n|move|p1a: Urshifu|U-turn|p2a: Tornadus\n|-resisted|p2a: Tornadus\n|-damage|p2a: Tornadus|86\/100\n|j| Ragnnis\n|\n|t:|1666519050\n|switch|p1a: Landorus|Landorus-Therian, M|100\/100|[from]move: U-turn\n|-ability|p1a: Landorus|Intimidate|boost\n|-unboost|p2a: Tornadus|atk|1\n|move|p2a: Tornadus|Knock Off|p1a: Landorus\n|-damage|p1a: Landorus|91\/100\n|-damage|p2a: Tornadus|70\/100|[from] item: Rocky Helmet|[of] p1a: Landorus\n|-enditem|p1a: Landorus|Rocky Helmet|[from] move: Knock Off|[of] p2a: Tornadus\n|\n|upkeep\n|turn|2\n|j| Rem!x\n|\n|t:|1666519062\n|switch|p2a: Volcanion|Volcanion|100\/100\n|move|p1a: Landorus|U-turn|p2a: Volcanion\n|-resisted|p2a: Volcanion\n|-damage|p2a: Volcanion|90\/100\n|\n|t:|1666519066\n|switch|p1a: Nidoking|Nidoking, M|100\/100|[from]move: U-turn\n|\n|upkeep\n|turn|3\n|\n|t:|1666519071\n|switch|p2a: Tornadus|Tornadus-Therian, M|100\/100\n|move|p1a: Nidoking|Earth Power|p2a: Tornadus\n|-immune|p2a: Tornadus\n|\n|upkeep\n|turn|4\n|\n|t:|1666519077\n|move|p2a: Tornadus|Knock Off|p1a: Nidoking\n|-damage|p1a: Nidoking|69\/100\n|-enditem|p1a: Nidoking|Life Orb|[from] move: Knock Off|[of] p2a: Tornadus\n|move|p1a: Nidoking|Ice Beam|p2a: Tornadus\n|-supereffective|p2a: Tornadus\n|-damage|p2a: Tornadus|40\/100\n|\n|upkeep\n|turn|5\n|l| Le Herbo\n|\n|t:|1666519100\n|move|p2a: Tornadus|Hurricane|p1a: Nidoking\n|-damage|p1a: Nidoking|8\/100\n|-start|p1a: Nidoking|confusion\n|-activate|p1a: Nidoking|confusion\n|move|p1a: Nidoking|Ice Beam|p2a: Tornadus\n|-supereffective|p2a: Tornadus\n|-damage|p2a: Tornadus|0 fnt\n|faint|p2a: Tornadus\n|\n|upkeep\n|inactive|bizarman has 120 seconds left.\n|\n|t:|1666519115\n|switch|p2a: Garchomp|Garchomp, F|100\/100\n|turn|6\n|\n|t:|1666519125\n|switch|p1a: Urshifu|Urshifu-Rapid-Strike, F|100\/100\n|move|p2a: Garchomp|Earthquake|p1a: Urshifu\n|-damage|p1a: Urshifu|49\/100\n|\n|upkeep\n|turn|7\n|\n|t:|1666519132\n|move|p1a: Urshifu|U-turn|p2a: Garchomp\n|-damage|p2a: Garchomp|76\/100\n|-damage|p1a: Urshifu|36\/100|[from] ability: Rough Skin|[of] p2a: Garchomp\n|\n|t:|1666519137\n|switch|p1a: Landorus|Landorus-Therian, M|91\/100|[from]move: U-turn\n|-ability|p1a: Landorus|Intimidate|boost\n|-unboost|p2a: Garchomp|atk|1\n|move|p2a: Garchomp|Earthquake|p1a: Landorus\n|-immune|p1a: Landorus\n|\n|-heal|p2a: Garchomp|83\/100|[from] item: Leftovers\n|upkeep\n|turn|8\n|\n|t:|1666519145\n|switch|p2a: Ferrothorn|Ferrothorn, M|100\/100\n|move|p1a: Landorus|Earthquake|p2a: Ferrothorn\n|-damage|p2a: Ferrothorn|72\/100\n|\n|-heal|p2a: Ferrothorn|78\/100|[from] item: Leftovers\n|upkeep\n|turn|9\n|\n|t:|1666519152\n|move|p1a: Landorus|Knock Off|p2a: Ferrothorn\n|-damage|p2a: Ferrothorn|57\/100\n|-damage|p1a: Landorus|78\/100|[from] ability: Iron Barbs|[of] p2a: Ferrothorn\n|-enditem|p2a: Ferrothorn|Leftovers|[from] move: Knock Off|[of] p1a: Landorus\n|move|p2a: Ferrothorn|Leech Seed|p1a: Landorus\n|-start|p1a: Landorus|move: Leech Seed\n|\n|-damage|p1a: Landorus|66\/100|[from] Leech Seed|[of] p2a: Ferrothorn\n|-heal|p2a: Ferrothorn|70\/100|[silent]\n|upkeep\n|turn|10\n|\n|t:|1666519161\n|switch|p1a: Corviknight|Corviknight, F|100\/100\n|move|p2a: Ferrothorn|Spikes|p1a: Corviknight\n|-sidestart|p1: x19990908|Spikes\n|\n|upkeep\n|turn|11\n|\n|t:|1666519166\n|switch|p2a: Volcanion|Volcanion|90\/100\n|move|p1a: Corviknight|Defog|p2a: Volcanion\n|-unboost|p2a: Volcanion|evasion|1\n|-sideend|p1: x19990908|Spikes|[from] move: Defog|[of] p1a: Corviknight\n|\n|upkeep\n|turn|12\n|\n|t:|1666519172\n|switch|p1a: Blissey|Blissey, F|100\/100\n|move|p2a: Volcanion|Steam Eruption|p1a: Blissey\n|-damage|p1a: Blissey|69\/100\n|-status|p1a: Blissey|brn\n|\n|-damage|p1a: Blissey|62\/100 brn|[from] brn\n|upkeep\n|turn|13\n|\n|t:|1666519180\n|switch|p2a: Ferrothorn|Ferrothorn, M|70\/100\n|move|p1a: Blissey|Soft-Boiled|p1a: Blissey\n|-heal|p1a: Blissey|100\/100 brn\n|\n|-damage|p1a: Blissey|94\/100 brn|[from] brn\n|upkeep\n|turn|14\n|j| Ran Kob\n|\n|t:|1666519187\n|move|p1a: Blissey|Thunder Wave|p2a: Ferrothorn\n|-status|p2a: Ferrothorn|par\n|move|p2a: Ferrothorn|Leech Seed|p1a: Blissey\n|-start|p1a: Blissey|move: Leech Seed\n|\n|-damage|p1a: Blissey|82\/100 brn|[from] Leech Seed|[of] p2a: Ferrothorn\n|-heal|p2a: Ferrothorn|96\/100 par|[silent]\n|-damage|p1a: Blissey|76\/100 brn|[from] brn\n|upkeep\n|turn|15\n|j| themaximumblackout\n|\n|t:|1666519194\n|move|p2a: Ferrothorn|Leech Seed||[still]\n|-fail|p2a: Ferrothorn\n|move|p1a: Blissey|Teleport|p1a: Blissey\n|\n|t:|1666519197\n|-curestatus|p1a: Blissey|brn|[from] ability: Natural Cure\n|switch|p1a: Nidoking|Nidoking, M|8\/100|[from]move: Teleport\n|\n|upkeep\n|turn|16\n|\n|t:|1666519204\n|switch|p2a: Garchomp|Garchomp, F|83\/100\n|move|p1a: Nidoking|Flamethrower|p2a: Garchomp\n|-resisted|p2a: Garchomp\n|-damage|p2a: Garchomp|67\/100\n|\n|-heal|p2a: Garchomp|73\/100|[from] item: Leftovers\n|upkeep\n|turn|17\n|\n|t:|1666519214\n|switch|p1a: Landorus|Landorus-Therian, M|66\/100\n|-ability|p1a: Landorus|Intimidate|boost\n|-unboost|p2a: Garchomp|atk|1\n|move|p2a: Garchomp|Earthquake|p1a: Landorus\n|-immune|p1a: Landorus\n|\n|-heal|p2a: Garchomp|79\/100|[from] item: Leftovers\n|upkeep\n|turn|18\n|l| themaximumblackout\n|\n|t:|1666519224\n|switch|p2a: Landorus|Landorus-Therian, M|100\/100\n|-ability|p2a: Landorus|Intimidate|boost\n|-unboost|p1a: Landorus|atk|1\n|move|p1a: Landorus|Earthquake|p2a: Landorus\n|-immune|p2a: Landorus\n|\n|upkeep\n|turn|19\n|\n|t:|1666519230\n|move|p1a: Landorus|Knock Off|p2a: Landorus\n|-damage|p2a: Landorus|79\/100\n|-enditem|p2a: Landorus|Leftovers|[from] move: Knock Off|[of] p1a: Landorus\n|move|p2a: Landorus|Stealth Rock|p1a: Landorus\n|-sidestart|p1: x19990908|move: Stealth Rock\n|\n|upkeep\n|turn|20\n|\n|t:|1666519239\n|move|p1a: Landorus|Stealth Rock|p2a: Landorus\n|-sidestart|p2: bizarman|move: Stealth Rock\n|move|p2a: Landorus|U-turn|p1a: Landorus\n|-resisted|p1a: Landorus\n|-damage|p1a: Landorus|58\/100\n|\n|t:|1666519244\n|switch|p2a: Volcanion|Volcanion|90\/100|[from]move: U-turn\n|-damage|p2a: Volcanion|65\/100|[from] Stealth Rock\n|\n|upkeep\n|turn|21\n|\n|t:|1666519249\n|switch|p1a: Blissey|Blissey, F|76\/100\n|move|p2a: Volcanion|Steam Eruption|p1a: Blissey\n|-damage|p1a: Blissey|43\/100\n|\n|upkeep\n|turn|22\n|\n|t:|1666519260\n|switch|p2a: Garchomp|Garchomp, F|79\/100\n|-damage|p2a: Garchomp|73\/100|[from] Stealth Rock\n|move|p1a: Blissey|Soft-Boiled|p1a: Blissey\n|-heal|p1a: Blissey|93\/100\n|\n|-heal|p2a: Garchomp|79\/100|[from] item: Leftovers\n|upkeep\n|turn|23\n|\n|t:|1666519268\n|switch|p1a: Corviknight|Corviknight, F|100\/100\n|-damage|p1a: Corviknight|88\/100|[from] Stealth Rock\n|move|p2a: Garchomp|Swords Dance|p2a: Garchomp\n|-boost|p2a: Garchomp|atk|2\n|\n|-heal|p2a: Garchomp|85\/100|[from] item: Leftovers\n|upkeep\n|turn|24\n|\n|t:|1666519276\n|move|p2a: Garchomp|Fire Fang|p1a: Corviknight\n|-supereffective|p1a: Corviknight\n|-damage|p1a: Corviknight|37\/100\n|-damage|p2a: Garchomp|69\/100|[from] item: Rocky Helmet|[of] p1a: Corviknight\n|move|p1a: Corviknight|U-turn|p2a: Garchomp\n|-damage|p2a: Garchomp|55\/100\n|-damage|p1a: Corviknight|25\/100|[from] ability: Rough Skin|[of] p2a: Garchomp\n|inactive|x19990908 has 120 seconds left.\n|\n|t:|1666519312\n|switch|p1a: Urshifu|Urshifu-Rapid-Strike, F|36\/100|[from]move: U-turn\n|-damage|p1a: Urshifu|30\/100|[from] Stealth Rock\n|\n|-heal|p2a: Garchomp|61\/100|[from] item: Leftovers\n|upkeep\n|turn|25\n|\n|t:|1666519322\n|switch|p2a: Landorus|Landorus-Therian, M|79\/100\n|-damage|p2a: Landorus|67\/100|[from] Stealth Rock\n|-ability|p2a: Landorus|Intimidate|boost\n|-unboost|p1a: Urshifu|atk|1\n|move|p1a: Urshifu|Close Combat|p2a: Landorus\n|-resisted|p2a: Landorus\n|-damage|p2a: Landorus|46\/100\n|-unboost|p1a: Urshifu|def|1\n|-unboost|p1a: Urshifu|spd|1\n|\n|upkeep\n|turn|26\n|\n|t:|1666519333\n|switch|p1a: Landorus|Landorus-Therian, M|58\/100\n|-damage|p1a: Landorus|46\/100|[from] Stealth Rock\n|-ability|p1a: Landorus|Intimidate|boost\n|-unboost|p2a: Landorus|atk|1\n|move|p2a: Landorus|U-turn|p1a: Landorus\n|-resisted|p1a: Landorus\n|-crit|p1a: Landorus\n|-damage|p1a: Landorus|33\/100\n|j| jeanmilapipe\n|l| jeanmilapipe\n|\n|t:|1666519349\n|switch|p2a: Volcanion|Volcanion|65\/100|[from]move: U-turn\n|-damage|p2a: Volcanion|40\/100|[from] Stealth Rock\n|\n|upkeep\n|turn|27\n|\n|t:|1666519355\n|switch|p1a: Blissey|Blissey, F|93\/100\n|move|p2a: Volcanion|Steam Eruption|p1a: Blissey|[miss]\n|-miss|p2a: Volcanion|p1a: Blissey\n|\n|upkeep\n|turn|28\n|\n|t:|1666519364\n|switch|p2a: Garchomp|Garchomp, F|61\/100\n|-damage|p2a: Garchomp|55\/100|[from] Stealth Rock\n|move|p1a: Blissey|Teleport|p1a: Blissey\n|\n|t:|1666519375\n|switch|p1a: Urshifu|Urshifu-Rapid-Strike, F|30\/100|[from]move: Teleport\n|-damage|p1a: Urshifu|24\/100|[from] Stealth Rock\n|\n|-heal|p2a: Garchomp|61\/100|[from] item: Leftovers\n|upkeep\n|turn|29\n|\n|t:|1666519389\n|switch|p2a: Landorus|Landorus-Therian, M|46\/100\n|-damage|p2a: Landorus|34\/100|[from] Stealth Rock\n|-ability|p2a: Landorus|Intimidate|boost\n|-unboost|p1a: Urshifu|atk|1\n|move|p1a: Urshifu|Close Combat|p2a: Landorus\n|-resisted|p2a: Landorus\n|-damage|p2a: Landorus|13\/100\n|-unboost|p1a: Urshifu|def|1\n|-unboost|p1a: Urshifu|spd|1\n|\n|upkeep\n|turn|30\n|\n|t:|1666519401\n|switch|p2a: Tapu Koko|Tapu Koko|100\/100\n|-fieldstart|move: Electric Terrain|[from] ability: Electric Surge|[of] p2a: Tapu Koko\n|move|p1a: Urshifu|Close Combat|p2a: Tapu Koko\n|-resisted|p2a: Tapu Koko\n|-damage|p2a: Tapu Koko|73\/100\n|-unboost|p1a: Urshifu|def|1\n|-unboost|p1a: Urshifu|spd|1\n|\n|upkeep\n|turn|31\n|\n|t:|1666519412\n|switch|p1a: Blissey|Blissey, F|93\/100\n|move|p2a: Tapu Koko|Dazzling Gleam|p1a: Blissey\n|-damage|p1a: Blissey|80\/100\n|\n|upkeep\n|turn|32\n|\n|t:|1666519418\n|move|p2a: Tapu Koko|U-turn|p1a: Blissey\n|-damage|p1a: Blissey|65\/100\n|\n|t:|1666519426\n|switch|p2a: Garchomp|Garchomp, F|61\/100|[from]move: U-turn\n|-damage|p2a: Garchomp|55\/100|[from] Stealth Rock\n|move|p1a: Blissey|Teleport|p1a: Blissey\n|\n|t:|1666519431\n|switch|p1a: Tapu Lele|Tapu Lele|100\/100|[from]move: Teleport\n|-damage|p1a: Tapu Lele|88\/100|[from] Stealth Rock\n|-fieldstart|move: Psychic Terrain|[from] ability: Psychic Surge|[of] p1a: Tapu Lele\n|\n|-heal|p2a: Garchomp|61\/100|[from] item: Leftovers\n|upkeep\n|turn|33\n|j| strengthgod\n|\n|t:|1666519447\n|switch|p2a: Ferrothorn|Ferrothorn, M|96\/100 par\n|-damage|p2a: Ferrothorn|89\/100 par|[from] Stealth Rock\n|move|p1a: Tapu Lele|Moonblast|p2a: Ferrothorn\n|-resisted|p2a: Ferrothorn\n|-damage|p2a: Ferrothorn|68\/100 par\n|-unboost|p2a: Ferrothorn|spa|1\n|\n|upkeep\n|turn|34\n|j| Mel0nL0rd\n|\n|t:|1666519462\n|switch|p1a: Blissey|Blissey, F|65\/100\n|cant|p2a: Ferrothorn|par\n|\n|upkeep\n|turn|35\n|\n|t:|1666519467\n|move|p1a: Blissey|Soft-Boiled|p1a: Blissey\n|-heal|p1a: Blissey|100\/100\n|cant|p2a: Ferrothorn|par\n|\n|upkeep\n|turn|36\n|\n|t:|1666519471\n|cant|p2a: Ferrothorn|par\n|move|p1a: Blissey|Teleport|p1a: Blissey\n|\n|t:|1666519475\n|switch|p1a: Corviknight|Corviknight, F|25\/100|[from]move: Teleport\n|-damage|p1a: Corviknight|13\/100|[from] Stealth Rock\n|\n|-fieldend|move: Psychic Terrain\n|upkeep\n|turn|37\n|\n|t:|1666519482\n|move|p1a: Corviknight|Roost|p1a: Corviknight\n|-heal|p1a: Corviknight|63\/100\n|-singleturn|p1a: Corviknight|move: Roost\n|move|p2a: Ferrothorn|Spikes|p1a: Corviknight\n|-sidestart|p1: x19990908|Spikes\n|\n|upkeep\n|turn|38\n|\n|t:|1666519488\n|move|p1a: Corviknight|Defog|p2a: Ferrothorn\n|-unboost|p2a: Ferrothorn|evasion|1\n|-sideend|p2: bizarman|Stealth Rock|[from] move: Defog|[of] p1a: Corviknight\n|-sideend|p1: x19990908|Spikes|[from] move: Defog|[of] p1a: Corviknight\n|-sideend|p1: x19990908|Stealth Rock|[from] move: Defog|[of] p1a: Corviknight\n|move|p2a: Ferrothorn|Leech Seed|p1a: Corviknight\n|-start|p1a: Corviknight|move: Leech Seed\n|\n|-damage|p1a: Corviknight|50\/100|[from] Leech Seed|[of] p2a: Ferrothorn\n|-heal|p2a: Ferrothorn|81\/100 par|[silent]\n|upkeep\n|turn|39\n|\n|t:|1666519496\n|move|p1a: Corviknight|Roost|p1a: Corviknight\n|-heal|p1a: Corviknight|100\/100\n|-singleturn|p1a: Corviknight|move: Roost\n|move|p2a: Ferrothorn|Spikes|p1a: Corviknight\n|-sidestart|p1: x19990908|Spikes\n|\n|-damage|p1a: Corviknight|88\/100|[from] Leech Seed|[of] p2a: Ferrothorn\n|-heal|p2a: Ferrothorn|95\/100 par|[silent]\n|upkeep\n|turn|40\n|\n|t:|1666519503\n|switch|p2a: Volcanion|Volcanion|40\/100\n|move|p1a: Corviknight|Defog|p2a: Volcanion\n|-unboost|p2a: Volcanion|evasion|1\n|-sideend|p1: x19990908|Spikes|[from] move: Defog|[of] p1a: Corviknight\n|\n|-damage|p1a: Corviknight|76\/100|[from] Leech Seed|[of] p2a: Volcanion\n|-heal|p2a: Volcanion|56\/100|[silent]\n|upkeep\n|turn|41\n|\n|t:|1666519512\n|switch|p2a: Garchomp|Garchomp, F|61\/100\n|switch|p1a: Blissey|Blissey, F|100\/100\n|\n|-heal|p2a: Garchomp|67\/100|[from] item: Leftovers\n|upkeep\n|turn|42\n|\n|t:|1666519520\n|switch|p1a: Landorus|Landorus-Therian, M|33\/100\n|-ability|p1a: Landorus|Intimidate|boost\n|-unboost|p2a: Garchomp|atk|1\n|move|p2a: Garchomp|Swords Dance|p2a: Garchomp\n|-boost|p2a: Garchomp|atk|2\n|\n|-heal|p2a: Garchomp|73\/100|[from] item: Leftovers\n|upkeep\n|turn|43\n|\n|t:|1666519528\n|move|p2a: Garchomp|Scale Shot|p1a: Landorus\n|-damage|p1a: Landorus|19\/100\n|-damage|p1a: Landorus|6\/100\n|-hitcount|p1a: Landorus|2\n|-unboost|p2a: Garchomp|def|1\n|-boost|p2a: Garchomp|spe|1\n|move|p1a: Landorus|Earthquake|p2a: Garchomp\n|-damage|p2a: Garchomp|3\/100\n|\n|-heal|p2a: Garchomp|9\/100|[from] item: Leftovers\n|upkeep\n|turn|44\n|j| Phan009\n|\n|t:|1666519539\n|switch|p1a: Corviknight|Corviknight, F|76\/100\n|move|p2a: Garchomp|Scale Shot|p1a: Corviknight|[miss]\n|-miss|p2a: Garchomp|p1a: Corviknight\n|\n|-heal|p2a: Garchomp|16\/100|[from] item: Leftovers\n|upkeep\n|turn|45\n|\n|t:|1666519548\n|switch|p2a: Tapu Koko|Tapu Koko|73\/100\n|-fieldstart|move: Electric Terrain|[from] ability: Electric Surge|[of] p2a: Tapu Koko\n|move|p1a: Corviknight|Roost|p1a: Corviknight\n|-heal|p1a: Corviknight|100\/100\n|-singleturn|p1a: Corviknight|move: Roost\n|\n|upkeep\n|turn|46\n|\n|t:|1666519556\n|switch|p1a: Blissey|Blissey, F|100\/100\n|move|p2a: Tapu Koko|U-turn|p1a: Blissey\n|-crit|p1a: Blissey\n|-damage|p1a: Blissey|78\/100\n|\n|t:|1666519561\n|switch|p2a: Garchomp|Garchomp, F|16\/100|[from]move: U-turn\n|\n|-heal|p2a: Garchomp|22\/100|[from] item: Leftovers\n|upkeep\n|turn|47\n|c|\u2606bizarman|tht hitting 2\n|l| Ran Kob\n|c|\u2606bizarman|makes my life so much harder lol\n|\n|t:|1666519591\n|switch|p2a: Ferrothorn|Ferrothorn, M|95\/100 par\n|switch|p1a: Corviknight|Corviknight, F|100\/100\n|\n|upkeep\n|turn|48\n|\n|t:|1666519604\n|switch|p1a: Blissey|Blissey, F|78\/100\n|move|p2a: Ferrothorn|Thunder Wave|p1a: Blissey\n|-status|p1a: Blissey|par\n|\n|upkeep\n|turn|49\n|\n|t:|1666519609\n|move|p2a: Ferrothorn|Spikes|p1a: Blissey\n|-sidestart|p1: x19990908|Spikes\n|cant|p1a: Blissey|par\n|\n|-fieldend|move: Electric Terrain\n|upkeep\n|turn|50\n|\n|t:|1666519615\n|move|p1a: Blissey|Soft-Boiled|p1a: Blissey\n|-heal|p1a: Blissey|100\/100 par\n|cant|p2a: Ferrothorn|par\n|\n|upkeep\n|turn|51\n|\n|t:|1666519619\n|move|p2a: Ferrothorn|Leech Seed|p1a: Blissey\n|-start|p1a: Blissey|move: Leech Seed\n|move|p1a: Blissey|Teleport|p1a: Blissey\n|\n|t:|1666519631\n|-curestatus|p1a: Blissey|par|[from] ability: Natural Cure\n|switch|p1a: Corviknight|Corviknight, F|100\/100|[from]move: Teleport\n|\n|upkeep\n|turn|52\n|\n|t:|1666519636\n|move|p1a: Corviknight|Defog|p2a: Ferrothorn\n|-unboost|p2a: Ferrothorn|evasion|1\n|-sideend|p1: x19990908|Spikes|[from] move: Defog|[of] p1a: Corviknight\n|cant|p2a: Ferrothorn|par\n|\n|upkeep\n|turn|53\n|\n|t:|1666519646\n|switch|p1a: Blissey|Blissey, F|100\/100\n|move|p2a: Ferrothorn|Leech Seed|p1a: Blissey|[miss]\n|-miss|p2a: Ferrothorn|p1a: Blissey\n|\n|upkeep\n|turn|54\n|\n|t:|1666519651\n|move|p2a: Ferrothorn|Spikes|p1a: Blissey\n|-sidestart|p1: x19990908|Spikes\n|move|p1a: Blissey|Teleport|p1a: Blissey\n|\n|t:|1666519658\n|switch|p1a: Corviknight|Corviknight, F|100\/100|[from]move: Teleport\n|\n|upkeep\n|turn|55\n|l| Phan009\n|\n|t:|1666519663\n|switch|p2a: Garchomp|Garchomp, F|22\/100\n|move|p1a: Corviknight|Defog|p2a: Garchomp\n|-unboost|p2a: Garchomp|evasion|1\n|-sideend|p1: x19990908|Spikes|[from] move: Defog|[of] p1a: Corviknight\n|\n|-heal|p2a: Garchomp|28\/100|[from] item: Leftovers\n|upkeep\n|turn|56\n|\n|t:|1666519672\n|switch|p2a: Ferrothorn|Ferrothorn, M|95\/100 par\n|move|p1a: Corviknight|U-turn|p2a: Ferrothorn\n|-damage|p2a: Ferrothorn|87\/100 par\n|-damage|p1a: Corviknight|88\/100|[from] ability: Iron Barbs|[of] p2a: Ferrothorn\n|\n|t:|1666519675\n|switch|p1a: Nidoking|Nidoking, M|8\/100|[from]move: U-turn\n|\n|upkeep\n|turn|57\n|\n|t:|1666519681\n|switch|p2a: Landorus|Landorus-Therian, M|13\/100\n|-ability|p2a: Landorus|Intimidate|boost\n|-unboost|p1a: Nidoking|atk|1\n|move|p1a: Nidoking|Flamethrower|p2a: Landorus\n|-damage|p2a: Landorus|0 fnt\n|faint|p2a: Landorus\n|\n|upkeep\n|\n|t:|1666519690\n|switch|p2a: Garchomp|Garchomp, F|28\/100\n|turn|58\n|\n|t:|1666519695\n|switch|p1a: Corviknight|Corviknight, F|88\/100\n|move|p2a: Garchomp|Earthquake|p1a: Corviknight\n|-immune|p1a: Corviknight\n|\n|-heal|p2a: Garchomp|34\/100|[from] item: Leftovers\n|upkeep\n|turn|59\n|\n|t:|1666519713\n|switch|p2a: Tapu Koko|Tapu Koko|73\/100\n|-fieldstart|move: Electric Terrain|[from] ability: Electric Surge|[of] p2a: Tapu Koko\n|move|p1a: Corviknight|U-turn|p2a: Tapu Koko\n|-resisted|p2a: Tapu Koko\n|-damage|p2a: Tapu Koko|64\/100\n|\n|t:|1666519722\n|switch|p1a: Blissey|Blissey, F|100\/100|[from]move: U-turn\n|\n|upkeep\n|turn|60\n|\n|t:|1666519727\n|move|p2a: Tapu Koko|U-turn|p1a: Blissey\n|-damage|p1a: Blissey|86\/100\n|\n|t:|1666519729\n|switch|p2a: Ferrothorn|Ferrothorn, M|87\/100 par|[from]move: U-turn\n|move|p1a: Blissey|Teleport|p1a: Blissey\n|\n|t:|1666519732\n|switch|p1a: Nidoking|Nidoking, M|8\/100|[from]move: Teleport\n|\n|upkeep\n|turn|61\n|\n|t:|1666519741\n|switch|p2a: Volcanion|Volcanion|56\/100\n|move|p1a: Nidoking|Flamethrower|p2a: Volcanion\n|-resisted|p2a: Volcanion\n|-damage|p2a: Volcanion|47\/100\n|\n|upkeep\n|turn|62\n|\n|t:|1666519751\n|move|p1a: Nidoking|Earth Power|p2a: Volcanion\n|-supereffective|p2a: Volcanion\n|-damage|p2a: Volcanion|0 fnt\n|faint|p2a: Volcanion\n|\n|upkeep\n|\n|t:|1666519756\n|switch|p2a: Garchomp|Garchomp, F|34\/100\n|turn|63\n|\n|t:|1666519764\n|switch|p1a: Corviknight|Corviknight, F|88\/100\n|move|p2a: Garchomp|Swords Dance|p2a: Garchomp\n|-boost|p2a: Garchomp|atk|2\n|\n|-heal|p2a: Garchomp|40\/100|[from] item: Leftovers\n|-fieldend|move: Electric Terrain\n|upkeep\n|turn|64\n|\n|t:|1666519771\n|move|p2a: Garchomp|Scale Shot|p1a: Corviknight\n|-resisted|p1a: Corviknight\n|-damage|p1a: Corviknight|80\/100\n|-resisted|p1a: Corviknight\n|-damage|p1a: Corviknight|73\/100\n|-hitcount|p1a: Corviknight|2\n|-unboost|p2a: Garchomp|def|1\n|-boost|p2a: Garchomp|spe|1\n|move|p1a: Corviknight|U-turn|p2a: Garchomp\n|-damage|p2a: Garchomp|18\/100\n|-damage|p1a: Corviknight|60\/100|[from] ability: Rough Skin|[of] p2a: Garchomp\n|\n|t:|1666519786\n|switch|p1a: Urshifu|Urshifu-Rapid-Strike, F|24\/100|[from]move: U-turn\n|\n|-heal|p2a: Garchomp|25\/100|[from] item: Leftovers\n|upkeep\n|turn|65\n|\n|t:|1666519794\n|switch|p1a: Landorus|Landorus-Therian, M|6\/100\n|-ability|p1a: Landorus|Intimidate|boost\n|-unboost|p2a: Garchomp|atk|1\n|move|p2a: Garchomp|Earthquake|p1a: Landorus\n|-immune|p1a: Landorus\n|\n|-heal|p2a: Garchomp|31\/100|[from] item: Leftovers\n|upkeep\n|turn|66\n|\n|t:|1666519802\n|move|p2a: Garchomp|Scale Shot|p1a: Landorus\n|-damage|p1a: Landorus|0 fnt\n|faint|p1a: Landorus\n|-hitcount|p1: Landorus|1\n|-unboost|p2a: Garchomp|def|1\n|-boost|p2a: Garchomp|spe|1\n|\n|-heal|p2a: Garchomp|37\/100|[from] item: Leftovers\n|upkeep\n|\n|t:|1666519806\n|switch|p1a: Corviknight|Corviknight, F|60\/100\n|turn|67\n|\n|t:|1666519815\n|switch|p2a: Tapu Koko|Tapu Koko|64\/100\n|-fieldstart|move: Electric Terrain|[from] ability: Electric Surge|[of] p2a: Tapu Koko\n|move|p1a: Corviknight|Brave Bird|p2a: Tapu Koko\n|-resisted|p2a: Tapu Koko\n|-damage|p2a: Tapu Koko|40\/100\n|-damage|p1a: Corviknight|55\/100|[from] Recoil\n|\n|upkeep\n|turn|68\n|\n|t:|1666519823\n|switch|p1a: Blissey|Blissey, F|86\/100\n|move|p2a: Tapu Koko|Roost|p2a: Tapu Koko\n|-heal|p2a: Tapu Koko|91\/100\n|-singleturn|p2a: Tapu Koko|move: Roost\n|\n|upkeep\n|turn|69\n|\n|t:|1666519833\n|move|p2a: Tapu Koko|U-turn|p1a: Blissey\n|-damage|p1a: Blissey|73\/100\n|\n|t:|1666519835\n|switch|p2a: Ferrothorn|Ferrothorn, M|87\/100 par|[from]move: U-turn\n|move|p1a: Blissey|Teleport|p1a: Blissey\n|\n|t:|1666519841\n|switch|p1a: Nidoking|Nidoking, M|8\/100|[from]move: Teleport\n|\n|upkeep\n|turn|70\n|\n|t:|1666519850\n|move|p1a: Nidoking|Flamethrower|p2a: Ferrothorn\n|-supereffective|p2a: Ferrothorn\n|-damage|p2a: Ferrothorn|0 fnt\n|faint|p2a: Ferrothorn\n|\n|upkeep\n|\n|t:|1666519855\n|switch|p2a: Garchomp|Garchomp, F|37\/100\n|turn|71\n|\n|t:|1666519857\n|move|p2a: Garchomp|Earthquake|p1a: Nidoking\n|-supereffective|p1a: Nidoking\n|-damage|p1a: Nidoking|0 fnt\n|faint|p1a: Nidoking\n|\n|-heal|p2a: Garchomp|43\/100|[from] item: Leftovers\n|-fieldend|move: Electric Terrain\n|upkeep\n|\n|t:|1666519863\n|switch|p1a: Tapu Lele|Tapu Lele|88\/100\n|-fieldstart|move: Psychic Terrain|[from] ability: Psychic Surge|[of] p1a: Tapu Lele\n|turn|72\n|\n|t:|1666519892\n|switch|p2a: Tapu Koko|Tapu Koko|91\/100\n|-fieldstart|move: Electric Terrain|[from] ability: Electric Surge|[of] p2a: Tapu Koko\n|move|p1a: Tapu Lele|Moonblast|p2a: Tapu Koko\n|-damage|p2a: Tapu Koko|6\/100\n|-unboost|p2a: Tapu Koko|spa|1\n|\n|upkeep\n|turn|73\n|\n|t:|1666519899\n|move|p1a: Tapu Lele|Moonblast|p2a: Tapu Koko\n|-damage|p2a: Tapu Koko|0 fnt\n|faint|p2a: Tapu Koko\n|\n|upkeep\n|c|\u2606bizarman|gg\n|\n|t:|1666519904\n|switch|p2a: Garchomp|Garchomp, F|43\/100\n|turn|74\n|-message|bizarman forfeited.\n|\n|win|x19990908\n|raw|x19990908's rating: 1738 &rarr; <strong>1760<\/strong><br \/>(+22 for winning)\n|raw|bizarman's rating: 1769 &rarr; <strong>1747<\/strong><br \/>(-22 for losing)\n|l|\u2606bizarman\n|c|\u2606x19990908|gg\n|l| Rem!x\n","uploadtime":1666519922,"views":12,"p1id":"x19990908","p2id":"bizarman","formatid":"gen8ou","rating":1747,"private":0,"password":null}