{"id":"gen8ou-1668894083","p1":"chansey and lulu","p2":"WhiteFlares","format":"gen8ou","log":"|j|\u2606chansey and lulu\n|j|\u2606WhiteFlares\n|t:|1663986641\n|gametype|singles\n|player|p1|chansey and lulu|266|1743\n|player|p2|WhiteFlares|pokekid|1760\n|teamsize|p1|6\n|teamsize|p2|6\n|gen|8\n|tier|[Gen 8] OU\n|rated|\n|rule|Sleep Clause Mod: Limit one foe put to sleep\n|rule|Species Clause: Limit one of each Pok\u00e9mon\n|rule|OHKO Clause: OHKO moves are banned\n|rule|Evasion Items Clause: Evasion items are banned\n|rule|Evasion Moves Clause: Evasion moves are banned\n|rule|Endless Battle Clause: Forcing endless battles is banned\n|rule|HP Percentage Mod: HP is shown in percentages\n|rule|Dynamax Clause: You cannot dynamax\n|clearpoke\n|poke|p1|Tapu Lele|\n|poke|p1|Blacephalon|\n|poke|p1|Tyranitar, F|\n|poke|p1|Landorus-Therian, M|\n|poke|p1|Corviknight, M|\n|poke|p1|Toxapex, F|\n|poke|p2|Ferrothorn, M|\n|poke|p2|Rotom-Wash|\n|poke|p2|Tyranitar, M|\n|poke|p2|Excadrill, F|\n|poke|p2|Clefable, M|\n|poke|p2|Dragapult, F|\n|teampreview\n|inactive|Battle timer is ON: inactive players will automatically lose when time's up. (requested by WhiteFlares)\n|\n|t:|1663986661\n|start\n|switch|p1a: Tapu Lele|Tapu Lele|100\/100\n|switch|p2a: Dragapult|Dragapult, F|100\/100\n|-fieldstart|move: Psychic Terrain|[from] ability: Psychic Surge|[of] p1a: Tapu Lele\n|turn|1\n|\n|t:|1663986670\n|switch|p2a: Ferrothorn|Ferrothorn, M|100\/100\n|move|p1a: Tapu Lele|Moonblast|p2a: Ferrothorn\n|-resisted|p2a: Ferrothorn\n|-damage|p2a: Ferrothorn|75\/100\n|\n|-heal|p2a: Ferrothorn|81\/100|[from] item: Leftovers\n|upkeep\n|turn|2\n|\n|t:|1663986690\n|switch|p1a: Toxapex|Toxapex, F|100\/100\n|move|p2a: Ferrothorn|Leech Seed|p1a: Toxapex\n|-start|p1a: Toxapex|move: Leech Seed\n|\n|-heal|p2a: Ferrothorn|88\/100|[from] item: Leftovers\n|-damage|p1a: Toxapex|88\/100|[from] Leech Seed|[of] p2a: Ferrothorn\n|-heal|p2a: Ferrothorn|98\/100|[silent]\n|upkeep\n|turn|3\n|j| Amazing Superstar\n|l| Amazing Superstar\n|\n|t:|1663986700\n|move|p1a: Toxapex|Knock Off|p2a: Ferrothorn\n|-damage|p2a: Ferrothorn|90\/100\n|-damage|p1a: Toxapex|76\/100|[from] ability: Iron Barbs|[of] p2a: Ferrothorn\n|-enditem|p2a: Ferrothorn|Leftovers|[from] move: Knock Off|[of] p1a: Toxapex\n|move|p2a: Ferrothorn|Spikes|p1a: Toxapex\n|-sidestart|p1: chansey and lulu|Spikes\n|\n|-damage|p1a: Toxapex|64\/100|[from] Leech Seed|[of] p2a: Ferrothorn\n|-heal|p2a: Ferrothorn|100\/100|[silent]\n|upkeep\n|turn|4\n|j| nightsuliu\n|\n|t:|1663986711\n|switch|p1a: Blacephalon|Blacephalon|100\/100\n|-damage|p1a: Blacephalon|88\/100|[from] Spikes\n|move|p2a: Ferrothorn|Spikes|p1a: Blacephalon\n|-sidestart|p1: chansey and lulu|Spikes\n|\n|upkeep\n|turn|5\n|\n|t:|1663986718\n|switch|p2a: Tyranitar|Tyranitar, M|100\/100\n|-weather|Sandstorm|[from] ability: Sand Stream|[of] p2a: Tyranitar\n|move|p1a: Blacephalon|Overheat|p2a: Tyranitar\n|-resisted|p2a: Tyranitar\n|-crit|p2a: Tyranitar\n|-damage|p2a: Tyranitar|46\/100\n|-unboost|p1a: Blacephalon|spa|2\n|\n|-weather|Sandstorm|[upkeep]\n|-damage|p1a: Blacephalon|82\/100|[from] Sandstorm\n|-fieldend|move: Psychic Terrain\n|upkeep\n|turn|6\n|\n|t:|1663986732\n|switch|p1a: Toxapex|Toxapex, F|97\/100\n|-damage|p1a: Toxapex|81\/100|[from] Spikes\n|move|p2a: Tyranitar|Stone Edge|p1a: Toxapex\n|-damage|p1a: Toxapex|29\/100\n|-enditem|p1a: Toxapex|Eject Button\n|j| chainsaw31\n|\n|t:|1663986743\n|switch|p1a: Corviknight|Corviknight, M|100\/100\n|-ability|p1a: Corviknight|Pressure\n|\n|-weather|Sandstorm|[upkeep]\n|upkeep\n|turn|7\n|\n|t:|1663986754\n|switch|p2a: Rotom|Rotom-Wash|100\/100\n|move|p1a: Corviknight|Defog|p2a: Rotom\n|-unboost|p2a: Rotom|evasion|1\n|-sideend|p1: chansey and lulu|Spikes|[from] move: Defog|[of] p1a: Corviknight\n|\n|-weather|Sandstorm|[upkeep]\n|-damage|p2a: Rotom|94\/100|[from] Sandstorm\n|-heal|p2a: Rotom|100\/100|[from] item: Leftovers\n|upkeep\n|turn|8\n|\n|t:|1663986775\n|switch|p1a: Tapu Lele|Tapu Lele|100\/100\n|-fieldstart|move: Psychic Terrain|[from] ability: Psychic Surge|[of] p1a: Tapu Lele\n|move|p2a: Rotom|Hydro Pump|p1a: Tapu Lele\n|-damage|p1a: Tapu Lele|55\/100\n|\n|-weather|Sandstorm|[upkeep]\n|-damage|p1a: Tapu Lele|49\/100|[from] Sandstorm\n|-damage|p2a: Rotom|94\/100|[from] Sandstorm\n|-heal|p2a: Rotom|100\/100|[from] item: Leftovers\n|upkeep\n|turn|9\n|\n|t:|1663986789\n|move|p1a: Tapu Lele|Psychic|p2a: Rotom\n|-damage|p2a: Rotom|32\/100\n|move|p2a: Rotom|Volt Switch|p1a: Tapu Lele\n|-damage|p1a: Tapu Lele|21\/100\n|\n|t:|1663986795\n|switch|p2a: Ferrothorn|Ferrothorn, M|100\/100|[from]move: Volt Switch\n|\n|-weather|none\n|upkeep\n|turn|10\n|\n|t:|1663986802\n|switch|p1a: Blacephalon|Blacephalon|82\/100\n|switch|p2a: Tyranitar|Tyranitar, M|46\/100\n|-weather|Sandstorm|[from] ability: Sand Stream|[of] p2a: Tyranitar\n|\n|-weather|Sandstorm|[upkeep]\n|-damage|p1a: Blacephalon|76\/100|[from] Sandstorm\n|upkeep\n|turn|11\n|\n|t:|1663986828\n|switch|p1a: Toxapex|Toxapex, F|62\/100\n|move|p2a: Tyranitar|Stone Edge|p1a: Toxapex|[miss]\n|-miss|p2a: Tyranitar|p1a: Toxapex\n|\n|-weather|Sandstorm|[upkeep]\n|-damage|p1a: Toxapex|56\/100|[from] Sandstorm\n|upkeep\n|turn|12\n|\n|t:|1663986839\n|switch|p2a: Clefable|Clefable, M|100\/100\n|move|p1a: Toxapex|Recover|p1a: Toxapex\n|-heal|p1a: Toxapex|100\/100\n|\n|-weather|Sandstorm|[upkeep]\n|-damage|p1a: Toxapex|95\/100|[from] Sandstorm\n|-fieldend|move: Psychic Terrain\n|upkeep\n|turn|13\n|\n|t:|1663986851\n|move|p2a: Clefable|Knock Off|p1a: Toxapex\n|-damage|p1a: Toxapex|88\/100\n|move|p1a: Toxapex|Knock Off|p2a: Clefable\n|-resisted|p2a: Clefable\n|-damage|p2a: Clefable|95\/100\n|-damage|p1a: Toxapex|71\/100|[from] item: Rocky Helmet|[of] p2a: Clefable\n|-enditem|p2a: Clefable|Rocky Helmet|[from] move: Knock Off|[of] p1a: Toxapex\n|\n|-weather|Sandstorm|[upkeep]\n|-damage|p1a: Toxapex|66\/100|[from] Sandstorm\n|upkeep\n|turn|14\n|\n|t:|1663986862\n|switch|p1a: Blacephalon|Blacephalon|76\/100\n|move|p2a: Clefable|Stealth Rock|p1a: Blacephalon\n|-sidestart|p1: chansey and lulu|move: Stealth Rock\n|\n|-weather|none\n|upkeep\n|turn|15\n|\n|t:|1663986871\n|move|p1a: Blacephalon|Overheat|p2a: Clefable\n|-damage|p2a: Clefable|0 fnt\n|-unboost|p1a: Blacephalon|spa|2\n|faint|p2a: Clefable\n|-ability|p1a: Blacephalon|Beast Boost|boost\n|-boost|p1a: Blacephalon|spa|1\n|\n|upkeep\n|\n|t:|1663986879\n|switch|p2a: Tyranitar|Tyranitar, M|46\/100\n|-weather|Sandstorm|[from] ability: Sand Stream|[of] p2a: Tyranitar\n|turn|16\n|\n|t:|1663986891\n|switch|p1a: Toxapex|Toxapex, F|99\/100\n|-damage|p1a: Toxapex|87\/100|[from] Stealth Rock\n|move|p2a: Tyranitar|Crunch|p1a: Toxapex\n|-damage|p1a: Toxapex|43\/100\n|\n|-weather|Sandstorm|[upkeep]\n|-damage|p1a: Toxapex|37\/100|[from] Sandstorm\n|upkeep\n|turn|17\n|\n|t:|1663986901\n|switch|p1a: Tyranitar|Tyranitar, F|100\/100\n|-damage|p1a: Tyranitar|88\/100|[from] Stealth Rock\n|move|p2a: Tyranitar|Crunch|p1a: Tyranitar\n|-resisted|p1a: Tyranitar\n|-damage|p1a: Tyranitar|56\/100\n|\n|-weather|Sandstorm|[upkeep]\n|upkeep\n|turn|18\n|\n|t:|1663986912\n|switch|p2a: Ferrothorn|Ferrothorn, M|100\/100\n|move|p1a: Tyranitar|Fire Punch|p2a: Ferrothorn\n|-supereffective|p2a: Ferrothorn\n|-damage|p2a: Ferrothorn|0 fnt\n|-damage|p1a: Tyranitar|43\/100|[from] ability: Iron Barbs|[of] p2a: Ferrothorn\n|faint|p2a: Ferrothorn\n|\n|-weather|Sandstorm|[upkeep]\n|upkeep\n|\n|t:|1663986924\n|switch|p2a: Excadrill|Excadrill, F|100\/100\n|turn|19\n|-message|WhiteFlares forfeited.\n|\n|win|chansey and lulu\n|raw|chansey and lulu's rating: 1743 &rarr; <strong>1764<\/strong><br \/>(+21 for winning)\n|raw|WhiteFlares's rating: 1760 &rarr; <strong>1739<\/strong><br \/>(-21 for losing)\n|l|\u2606WhiteFlares\n||Ladder isn't responding, score probably updated but might not have (Request timeout).\n","uploadtime":1663987001,"views":58,"p1id":"chanseyandlulu","p2id":"whiteflares","formatid":"gen8ou","rating":1739,"private":0,"password":null}