{"id":"gen8ou-1668175860","p1":"Aggron","p2":"Forwards","format":"gen8ou","log":"|j|\u2606Aggron\n|j|\u2606Forwards\n|t:|1663604044\n|gametype|singles\n|player|p1|Aggron|janitor|1636\n|player|p2|Forwards|rollerskater|1790\n|teamsize|p1|6\n|teamsize|p2|6\n|gen|8\n|tier|[Gen 8] OU\n|rated|\n|rule|Sleep Clause Mod: Limit one foe put to sleep\n|rule|Species Clause: Limit one of each Pok\u00e9mon\n|rule|OHKO Clause: OHKO moves are banned\n|rule|Evasion Items Clause: Evasion items are banned\n|rule|Evasion Moves Clause: Evasion moves are banned\n|rule|Endless Battle Clause: Forcing endless battles is banned\n|rule|HP Percentage Mod: HP is shown in percentages\n|rule|Dynamax Clause: You cannot dynamax\n|clearpoke\n|poke|p1|Arctozolt|\n|poke|p1|Ninetales-Alola, F|\n|poke|p1|Regieleki|\n|poke|p1|Thundurus, M|\n|poke|p1|Abomasnow, F|\n|poke|p1|Garchomp, M|\n|poke|p2|Tapu Koko|\n|poke|p2|Moltres-Galar|\n|poke|p2|Registeel|\n|poke|p2|Hawlucha, M|\n|poke|p2|Landorus-Therian, M|\n|poke|p2|Dragapult, F|\n|teampreview\n|inactive|Battle timer is ON: inactive players will automatically lose when time's up. (requested by Aggron)\n|c|\u2606Aggron|hf\n|c|\u2606Forwards|gl\n|\n|t:|1663604072\n|start\n|switch|p1a: Regieleki|Regieleki, shiny|100\/100\n|switch|p2a: Landorus|Landorus-Therian, M|100\/100\n|-ability|p2a: Landorus|Intimidate|boost\n|-unboost|p1a: Regieleki|atk|1\n|turn|1\n|\n|t:|1663604079\n|switch|p1a: Ninetales|Ninetales-Alola, F|100\/100\n|-weather|Hail|[from] ability: Snow Warning|[of] p1a: Ninetales\n|move|p2a: Landorus|Stealth Rock|p1a: Ninetales\n|-sidestart|p1: Aggron|move: Stealth Rock\n|\n|-weather|Hail|[upkeep]\n|-damage|p2a: Landorus|95\/100|[from] Hail\n|upkeep\n|turn|2\n|\n|t:|1663604086\n|move|p1a: Ninetales|Aurora Veil|p1a: Ninetales\n|-sidestart|p1: Aggron|move: Aurora Veil\n|move|p2a: Landorus|Earthquake|p1a: Ninetales\n|-damage|p1a: Ninetales|63\/100\n|\n|-weather|Hail|[upkeep]\n|-damage|p2a: Landorus|89\/100|[from] Hail\n|upkeep\n|turn|3\n|\n|t:|1663604092\n|switch|p1a: Thundurus|Thundurus, M, shiny|100\/100\n|switch|p2a: Tapu Koko|Tapu Koko|100\/100\n|-fieldstart|move: Electric Terrain|[from] ability: Electric Surge|[of] p2a: Tapu Koko\n|\n|-weather|Hail|[upkeep]\n|-damage|p2a: Tapu Koko|94\/100|[from] Hail\n|-damage|p1a: Thundurus|94\/100|[from] Hail\n|upkeep\n|turn|4\n|\n|t:|1663604102\n|switch|p1a: Arctozolt|Arctozolt|100\/100\n|-damage|p1a: Arctozolt|76\/100|[from] Stealth Rock\n|move|p2a: Tapu Koko|Light Screen|p2a: Tapu Koko\n|-sidestart|p2: Forwards|move: Light Screen\n|\n|-weather|Hail|[upkeep]\n|-damage|p2a: Tapu Koko|88\/100|[from] Hail\n|-heal|p1a: Arctozolt|82\/100|[from] item: Leftovers\n|upkeep\n|turn|5\n|\n|t:|1663604109\n|move|p1a: Arctozolt|Bolt Beak|p2a: Tapu Koko\n|-resisted|p2a: Tapu Koko\n|-damage|p2a: Tapu Koko|32\/100\n|move|p2a: Tapu Koko|Reflect|p2a: Tapu Koko\n|-sidestart|p2: Forwards|Reflect\n|\n|-weather|none\n|-heal|p1a: Arctozolt|88\/100|[from] item: Leftovers\n|upkeep\n|turn|6\n|\n|t:|1663604119\n|switch|p1a: Garchomp|Garchomp, M|100\/100\n|-damage|p1a: Garchomp|94\/100|[from] Stealth Rock\n|move|p2a: Tapu Koko|U-turn|p1a: Garchomp\n|-damage|p1a: Garchomp|87\/100\n|-damage|p2a: Tapu Koko|20\/100|[from] ability: Rough Skin|[of] p1a: Garchomp\n|-damage|p2a: Tapu Koko|3\/100|[from] item: Rocky Helmet|[of] p1a: Garchomp\n|\n|t:|1663604126\n|switch|p2a: Dragapult|Dragapult, F|100\/100|[from]move: U-turn\n|\n|upkeep\n|turn|7\n|\n|t:|1663604130\n|move|p2a: Dragapult|Dragon Darts|p1a: Garchomp\n|-supereffective|p1a: Garchomp\n|-damage|p1a: Garchomp|60\/100\n|-anim|p2a: Dragapult|Dragon Darts|p1a: Garchomp\n|-supereffective|p1a: Garchomp\n|-damage|p1a: Garchomp|35\/100\n|-damage|p2a: Dragapult|91\/100|[from] item: Life Orb\n|move|p1a: Garchomp|Dragon Tail|p2a: Dragapult\n|-supereffective|p2a: Dragapult\n|-damage|p2a: Dragapult|58\/100\n|drag|p2a: Registeel|Registeel|100\/100\n|\n|-fieldend|move: Electric Terrain\n|upkeep\n|turn|8\n|\n|t:|1663604136\n|switch|p2a: Dragapult|Dragapult, F|58\/100\n|move|p1a: Garchomp|Stealth Rock|p2a: Dragapult\n|-sidestart|p2: Forwards|move: Stealth Rock\n|\n|upkeep\n|turn|9\n|\n|t:|1663604143\n|move|p2a: Dragapult|Dragon Darts|p1a: Garchomp\n|-supereffective|p1a: Garchomp\n|-damage|p1a: Garchomp|10\/100\n|-anim|p2a: Dragapult|Dragon Darts|p1a: Garchomp\n|-supereffective|p1a: Garchomp\n|-damage|p1a: Garchomp|0 fnt\n|faint|p1a: Garchomp\n|-damage|p2a: Dragapult|48\/100|[from] item: Life Orb\n|\n|-sideend|p1: Aggron|move: Aurora Veil\n|upkeep\n|\n|t:|1663604158\n|switch|p1a: Thundurus|Thundurus, M, shiny|94\/100\n|turn|10\n|\n|t:|1663604163\n|move|p1a: Thundurus|Thunder Wave|p2a: Dragapult\n|-status|p2a: Dragapult|par\n|move|p2a: Dragapult|Dragon Darts|p1a: Thundurus\n|-damage|p1a: Thundurus|33\/100\n|-anim|p2a: Dragapult|Dragon Darts|p1a: Thundurus\n|-damage|p1a: Thundurus|0 fnt\n|faint|p1a: Thundurus\n|-damage|p2a: Dragapult|38\/100 par|[from] item: Life Orb\n|\n|upkeep\n|\n|t:|1663604176\n|switch|p1a: Ninetales|Ninetales-Alola, F|63\/100\n|-damage|p1a: Ninetales|38\/100|[from] Stealth Rock\n|-weather|Hail|[from] ability: Snow Warning|[of] p1a: Ninetales\n|turn|11\n|\n|t:|1663604185\n|move|p1a: Ninetales|Moonblast|p2a: Dragapult\n|-supereffective|p2a: Dragapult\n|-damage|p2a: Dragapult|6\/100 par\n|move|p2a: Dragapult|Flamethrower|p1a: Ninetales\n|-supereffective|p1a: Ninetales\n|-damage|p1a: Ninetales|0 fnt\n|faint|p1a: Ninetales\n|-damage|p2a: Dragapult|0 fnt|[from] item: Life Orb\n|faint|p2a: Dragapult\n|\n|-weather|Hail|[upkeep]\n|-sideend|p2: Forwards|move: Light Screen\n|upkeep\n|\n|t:|1663604194\n|switch|p2a: Landorus|Landorus-Therian, M|89\/100\n|switch|p1a: Arctozolt|Arctozolt|88\/100\n|-damage|p1a: Arctozolt|63\/100|[from] Stealth Rock\n|-damage|p2a: Landorus|76\/100|[from] Stealth Rock\n|-ability|p2a: Landorus|Intimidate|boost\n|-unboost|p1a: Arctozolt|atk|1\n|turn|12\n|\n|t:|1663604199\n|switch|p2a: Tapu Koko|Tapu Koko|3\/100\n|-damage|p2a: Tapu Koko|0 fnt|[from] Stealth Rock\n|faint|p2a: Tapu Koko\n|move|p1a: Arctozolt|Substitute|p1a: Arctozolt\n|-start|p1a: Arctozolt|Substitute\n|-damage|p1a: Arctozolt|38\/100\n|\n|-weather|Hail|[upkeep]\n|-heal|p1a: Arctozolt|44\/100|[from] item: Leftovers\n|-sideend|p2: Forwards|Reflect\n|upkeep\n|\n|t:|1663604203\n|switch|p2a: Registeel|Registeel|100\/100\n|-damage|p2a: Registeel|94\/100|[from] Stealth Rock\n|turn|13\n|\n|t:|1663604207\n|move|p1a: Arctozolt|Bolt Beak|p2a: Registeel\n|-damage|p2a: Registeel|71\/100\n|move|p2a: Registeel|Iron Defense|p2a: Registeel\n|-boost|p2a: Registeel|def|2\n|\n|-weather|Hail|[upkeep]\n|-damage|p2a: Registeel|65\/100|[from] Hail\n|-heal|p1a: Arctozolt|51\/100|[from] item: Leftovers\n|upkeep\n|turn|14\n|\n|t:|1663604217\n|switch|p1a: Abomasnow|Abomasnow, F|100\/100\n|-damage|p1a: Abomasnow|76\/100|[from] Stealth Rock\n|move|p2a: Registeel|Amnesia|p2a: Registeel\n|-boost|p2a: Registeel|spd|2\n|\n|-weather|Hail|[upkeep]\n|-damage|p2a: Registeel|59\/100|[from] Hail\n|upkeep\n|turn|15\n|\n|t:|1663604224\n|move|p1a: Abomasnow|Leech Seed|p2a: Registeel\n|-start|p2a: Registeel|move: Leech Seed\n|move|p2a: Registeel|Body Press|p1a: Abomasnow\n|-supereffective|p1a: Abomasnow\n|-damage|p1a: Abomasnow|0 fnt\n|faint|p1a: Abomasnow\n|\n|-weather|none\n|upkeep\n|\n|t:|1663604233\n|switch|p1a: Regieleki|Regieleki, shiny|100\/100\n|turn|16\n|\n|t:|1663604238\n|move|p1a: Regieleki|Rapid Spin|p2a: Registeel\n|-resisted|p2a: Registeel\n|-damage|p2a: Registeel|57\/100\n|-boost|p1a: Regieleki|spe|1\n|-sideend|p1: Aggron|Stealth Rock|[from] move: Rapid Spin|[of] p1a: Regieleki\n|move|p2a: Registeel|Rest|p2a: Registeel\n|-status|p2a: Registeel|slp|[from] move: Rest\n|-heal|p2a: Registeel|100\/100 slp|[silent]\n|-enditem|p2a: Registeel|Chesto Berry|[eat]\n|-curestatus|p2a: Registeel|slp|[msg]\n|\n|-damage|p2a: Registeel|88\/100|[from] Leech Seed|[of] p1a: Regieleki\n|upkeep\n|turn|17\n|\n|t:|1663604249\n|move|p1a: Regieleki|Wild Charge|p2a: Registeel\n|-damage|p2a: Registeel|71\/100\n|-damage|p1a: Regieleki|95\/100|[from] Recoil\n|move|p2a: Registeel|Body Press|p1a: Regieleki\n|-damage|p1a: Regieleki|0 fnt\n|faint|p1a: Regieleki\n|\n|upkeep\n|\n|t:|1663604253\n|switch|p1a: Arctozolt|Arctozolt|51\/100\n|turn|18\n|\n|t:|1663604258\n|move|p1a: Arctozolt|Substitute|p1a: Arctozolt\n|-start|p1a: Arctozolt|Substitute\n|-damage|p1a: Arctozolt|26\/100\n|move|p2a: Registeel|Body Press|p1a: Arctozolt\n|-supereffective|p1a: Arctozolt\n|-end|p1a: Arctozolt|Substitute\n|\n|-heal|p1a: Arctozolt|32\/100|[from] item: Leftovers\n|-damage|p2a: Registeel|58\/100|[from] Leech Seed|[of] p1a: Arctozolt\n|-heal|p1a: Arctozolt|46\/100|[silent]\n|upkeep\n|turn|19\n|\n|t:|1663604265\n|move|p1a: Arctozolt|Substitute|p1a: Arctozolt\n|-start|p1a: Arctozolt|Substitute\n|-damage|p1a: Arctozolt|21\/100\n|move|p2a: Registeel|Body Press|p1a: Arctozolt\n|-supereffective|p1a: Arctozolt\n|-end|p1a: Arctozolt|Substitute\n|\n|-heal|p1a: Arctozolt|27\/100|[from] item: Leftovers\n|-damage|p2a: Registeel|46\/100|[from] Leech Seed|[of] p1a: Arctozolt\n|-heal|p1a: Arctozolt|41\/100|[silent]\n|upkeep\n|turn|20\n|\n|t:|1663604270\n|move|p1a: Arctozolt|Substitute|p1a: Arctozolt\n|-start|p1a: Arctozolt|Substitute\n|-damage|p1a: Arctozolt|16\/100\n|move|p2a: Registeel|Body Press|p1a: Arctozolt\n|-supereffective|p1a: Arctozolt\n|-end|p1a: Arctozolt|Substitute\n|\n|-heal|p1a: Arctozolt|23\/100|[from] item: Leftovers\n|-damage|p2a: Registeel|33\/100|[from] Leech Seed|[of] p1a: Arctozolt\n|-heal|p1a: Arctozolt|37\/100|[silent]\n|upkeep\n|turn|21\n|\n|t:|1663604274\n|move|p1a: Arctozolt|Substitute|p1a: Arctozolt\n|-start|p1a: Arctozolt|Substitute\n|-damage|p1a: Arctozolt|12\/100\n|move|p2a: Registeel|Rest|p2a: Registeel\n|-status|p2a: Registeel|slp|[from] move: Rest\n|-heal|p2a: Registeel|100\/100 slp|[silent]\n|\n|-heal|p1a: Arctozolt|18\/100|[from] item: Leftovers\n|-damage|p2a: Registeel|88\/100 slp|[from] Leech Seed|[of] p1a: Arctozolt\n|-heal|p1a: Arctozolt|32\/100|[silent]\n|upkeep\n|turn|22\n|\n|t:|1663604278\n|move|p1a: Arctozolt|Hail|p1a: Arctozolt\n|-weather|Hail\n|cant|p2a: Registeel|slp\n|\n|-weather|Hail|[upkeep]\n|-damage|p2a: Registeel|82\/100 slp|[from] Hail\n|-heal|p1a: Arctozolt|38\/100|[from] item: Leftovers\n|-damage|p2a: Registeel|70\/100 slp|[from] Leech Seed|[of] p1a: Arctozolt\n|-heal|p1a: Arctozolt|52\/100|[silent]\n|upkeep\n|turn|23\n|\n|t:|1663604284\n|move|p1a: Arctozolt|Bolt Beak|p2a: Registeel\n|-crit|p2a: Registeel\n|-damage|p2a: Registeel|18\/100 slp\n|cant|p2a: Registeel|slp\n|\n|-weather|Hail|[upkeep]\n|-damage|p2a: Registeel|11\/100 slp|[from] Hail\n|-heal|p1a: Arctozolt|58\/100|[from] item: Leftovers\n|-damage|p2a: Registeel|0 fnt|[from] Leech Seed|[of] p1a: Arctozolt\n|-heal|p1a: Arctozolt|71\/100|[silent]\n|faint|p2a: Registeel\n|upkeep\n|\n|t:|1663604292\n|switch|p2a: Landorus|Landorus-Therian, M|76\/100\n|-damage|p2a: Landorus|64\/100|[from] Stealth Rock\n|-ability|p2a: Landorus|Intimidate|boost\n|-immune|p1a: Arctozolt\n|turn|24\n|\n|t:|1663604299\n|move|p1a: Arctozolt|Blizzard|p2a: Landorus\n|-supereffective|p2a: Landorus\n|-damage|p2a: Landorus|0 fnt\n|faint|p2a: Landorus\n|\n|-weather|Hail|[upkeep]\n|-heal|p1a: Arctozolt|77\/100|[from] item: Leftovers\n|upkeep\n|\n|t:|1663604301\n|switch|p2a: Hawlucha|Hawlucha, M|100\/100\n|-damage|p2a: Hawlucha|88\/100|[from] Stealth Rock\n|turn|25\n|\n|t:|1663604305\n|move|p1a: Arctozolt|Bolt Beak|p2a: Hawlucha\n|-supereffective|p2a: Hawlucha\n|-damage|p2a: Hawlucha|0 fnt\n|faint|p2a: Hawlucha\n|\n|-weather|Hail|[upkeep]\n|-heal|p1a: Arctozolt|83\/100|[from] item: Leftovers\n|upkeep\n|\n|t:|1663604307\n|switch|p2a: Moltres|Moltres-Galar|100\/100\n|-damage|p2a: Moltres|76\/100|[from] Stealth Rock\n|turn|26\n|\n|t:|1663604309\n|move|p1a: Arctozolt|Bolt Beak|p2a: Moltres\n|-supereffective|p2a: Moltres\n|-damage|p2a: Moltres|0 fnt\n|faint|p2a: Moltres\n|\n|win|Aggron\n|raw|Aggron's rating: 1636 &rarr; <strong>1664<\/strong><br \/>(+28 for winning)\n|raw|Forwards's rating: 1790 &rarr; <strong>1762<\/strong><br \/>(-28 for losing)\n|l|\u2606Forwards\n","uploadtime":1663604318,"views":24,"p1id":"aggron","p2id":"forwards","formatid":"gen8ou","rating":1664,"private":0,"password":null}