{"id":"gen8ou-1452047381","p1":"dovesoap2","p2":"early_human","format":"gen8ou","log":"|j|\u2606dovesoap2\n|j|\u2606early_human\n|t:|1636498194\n|gametype|singles\n|player|p1|dovesoap2|132|1733\n|player|p2|early_human|dancer|1903\n|teamsize|p1|6\n|teamsize|p2|6\n|gen|8\n|tier|[Gen 8] OU\n|rated|\n|rule|Sleep Clause Mod: Limit one foe put to sleep\n|rule|Species Clause: Limit one of each Pok\u00e9mon\n|rule|OHKO Clause: OHKO moves are banned\n|rule|Evasion Moves Clause: Evasion moves are banned\n|rule|Endless Battle Clause: Forcing endless battles is banned\n|rule|HP Percentage Mod: HP is shown in percentages\n|rule|Dynamax Clause: You cannot dynamax\n|clearpoke\n|poke|p1|Landorus-Therian, M|\n|poke|p1|Clefable, F|\n|poke|p1|Tornadus-Therian, M|\n|poke|p1|Melmetal|\n|poke|p1|Toxapex, M|\n|poke|p1|Kartana|\n|poke|p2|Moltres-Galar|\n|poke|p2|Aegislash, F|\n|poke|p2|Buzzwole|\n|poke|p2|Latios, M|\n|poke|p2|Landorus-Therian, M|\n|poke|p2|Bisharp, M|\n|teampreview\n|j| enem memem\n|\n|t:|1636498197\n|start\n|switch|p1a: Toxapex|Toxapex, M, shiny|100\/100\n|switch|p2a: Aegislash|Aegislash, F|100\/100\n|turn|1\n|inactive|Battle timer is ON: inactive players will automatically lose when time's up. (requested by dovesoap2)\n|\n|t:|1636498202\n|switch|p2a: Moltres|Moltres-Galar|100\/100\n|move|p1a: Toxapex|Toxic Spikes|p2a: Moltres\n|-sidestart|p2: early_human|move: Toxic Spikes\n|\n|upkeep\n|turn|2\n|\n|t:|1636498204\n|switch|p1a: Clefable|Clefable, F|100\/100\n|move|p2a: Moltres|Nasty Plot|p2a: Moltres\n|-boost|p2a: Moltres|spa|2\n|\n|upkeep\n|turn|3\n|\n|t:|1636498207\n|move|p2a: Moltres|Hurricane|p1a: Clefable\n|-damage|p1a: Clefable|66\/100\n|-start|p1a: Clefable|confusion\n|-activate|p1a: Clefable|confusion\n|move|p1a: Clefable|Thunder Wave|p2a: Moltres|[miss]\n|-miss|p1a: Clefable|p2a: Moltres\n|\n|-heal|p1a: Clefable|72\/100|[from] item: Leftovers\n|upkeep\n|turn|4\n|\n|t:|1636498213\n|switch|p2a: Landorus|Landorus-Therian, M|100\/100\n|-ability|p2a: Landorus|Intimidate|boost\n|-unboost|p1a: Clefable|atk|1\n|-activate|p1a: Clefable|confusion\n|move|p1a: Clefable|Soft-Boiled|p1a: Clefable\n|-heal|p1a: Clefable|100\/100\n|\n|upkeep\n|turn|5\n|\n|t:|1636498216\n|switch|p1a: Landorus|Landorus-Therian, M|100\/100\n|-ability|p1a: Landorus|Intimidate|boost\n|-unboost|p2a: Landorus|atk|1\n|move|p2a: Landorus|Earthquake|p1a: Landorus\n|-immune|p1a: Landorus\n|\n|upkeep\n|turn|6\n|\n|t:|1636498220\n|move|p1a: Landorus|U-turn|p2a: Landorus\n|-resisted|p2a: Landorus\n|-damage|p2a: Landorus|88\/100\n|\n|t:|1636498222\n|switch|p1a: Kartana|Kartana|100\/100|[from]move: U-turn\n|move|p2a: Landorus|Stealth Rock|p1a: Kartana\n|-sidestart|p1: dovesoap2|move: Stealth Rock\n|\n|upkeep\n|turn|7\n|\n|t:|1636498226\n|switch|p2a: Buzzwole|Buzzwole|100\/100\n|-status|p2a: Buzzwole|psn\n|move|p1a: Kartana|Knock Off|p2a: Buzzwole\n|-resisted|p2a: Buzzwole\n|-damage|p2a: Buzzwole|89\/100 psn\n|-enditem|p2a: Buzzwole|Choice Band|[from] move: Knock Off|[of] p1a: Kartana\n|\n|-damage|p2a: Buzzwole|77\/100 psn|[from] psn\n|upkeep\n|turn|8\n|j| TumbleRumble\n|\n|t:|1636498234\n|switch|p1a: Toxapex|Toxapex, M, shiny|100\/100\n|-damage|p1a: Toxapex|88\/100|[from] Stealth Rock\n|switch|p2a: Latios|Latios, M|100\/100\n|\n|-heal|p1a: Toxapex|94\/100|[from] item: Black Sludge\n|upkeep\n|turn|9\n|\n|t:|1636498239\n|switch|p1a: Melmetal|Melmetal|100\/100\n|-damage|p1a: Melmetal|94\/100|[from] Stealth Rock\n|move|p2a: Latios|Future Sight|p1a: Melmetal\n|-start|p2a: Latios|move: Future Sight\n|\n|upkeep\n|turn|10\n|\n|t:|1636498244\n|switch|p2a: Buzzwole|Buzzwole|77\/100 psn\n|move|p1a: Melmetal|Double Iron Bash|p2a: Buzzwole\n|-damage|p2a: Buzzwole|44\/100 psn\n|-damage|p2a: Buzzwole|11\/100 psn\n|-hitcount|p2a: Buzzwole|2\n|\n|-damage|p2a: Buzzwole|0 fnt|[from] psn\n|faint|p2a: Buzzwole\n|upkeep\n|j| ExoticClassify\n|\n|t:|1636498251\n|switch|p2a: Bisharp|Bisharp, M|100\/100\n|turn|11\n|\n|t:|1636498255\n|move|p2a: Bisharp|Low Kick|p1a: Melmetal\n|-supereffective|p1a: Melmetal\n|-damage|p1a: Melmetal|46\/100\n|move|p1a: Melmetal|Earthquake|p2a: Bisharp\n|-supereffective|p2a: Bisharp\n|-damage|p2a: Bisharp|1\/100\n|\n|-end|p1a: Melmetal|move: Future Sight\n|-resisted|p1a: Melmetal\n|-damage|p1a: Melmetal|25\/100\n|upkeep\n|turn|12\n|\n|t:|1636498262\n|switch|p1a: Toxapex|Toxapex, M, shiny|100\/100\n|-damage|p1a: Toxapex|88\/100|[from] Stealth Rock\n|move|p2a: Bisharp|Knock Off|p1a: Toxapex\n|-damage|p1a: Toxapex|53\/100\n|-enditem|p1a: Toxapex|Black Sludge|[from] move: Knock Off|[of] p2a: Bisharp\n|\n|upkeep\n|turn|13\n|\n|t:|1636498268\n|switch|p2a: Latios|Latios, M|100\/100\n|move|p1a: Toxapex|Scald|p2a: Latios\n|-resisted|p2a: Latios\n|-damage|p2a: Latios|92\/100\n|\n|upkeep\n|turn|14\n|\n|t:|1636498273\n|switch|p1a: Clefable|Clefable, F|100\/100\n|-damage|p1a: Clefable|88\/100|[from] Stealth Rock\n|move|p2a: Latios|Psychic|p1a: Clefable\n|-damage|p1a: Clefable|51\/100\n|\n|-heal|p1a: Clefable|57\/100|[from] item: Leftovers\n|upkeep\n|turn|15\n|j| sille rovert\n|\n|t:|1636498279\n|move|p2a: Latios|Future Sight|p1a: Clefable\n|-start|p2a: Latios|move: Future Sight\n|move|p1a: Clefable|Soft-Boiled|p1a: Clefable\n|-heal|p1a: Clefable|100\/100\n|\n|upkeep\n|turn|16\n|l| ExoticClassify\n|\n|t:|1636498286\n|switch|p2a: Landorus|Landorus-Therian, M|88\/100\n|-ability|p2a: Landorus|Intimidate|boost\n|-unboost|p1a: Clefable|atk|1\n|move|p1a: Clefable|Moonblast|p2a: Landorus\n|-damage|p2a: Landorus|47\/100\n|-unboost|p2a: Landorus|spa|1\n|\n|upkeep\n|turn|17\n|\n|t:|1636498295\n|switch|p1a: Melmetal|Melmetal|25\/100\n|-damage|p1a: Melmetal|19\/100|[from] Stealth Rock\n|move|p2a: Landorus|Earthquake|p1a: Melmetal\n|-supereffective|p1a: Melmetal\n|-damage|p1a: Melmetal|0 fnt\n|faint|p1a: Melmetal\n|\n|-hint|Future Sight did not hit because the target is fainted.\n|upkeep\n|\n|t:|1636498302\n|switch|p1a: Kartana|Kartana|100\/100\n|-damage|p1a: Kartana|94\/100|[from] Stealth Rock\n|turn|18\n|\n|t:|1636498307\n|switch|p2a: Moltres|Moltres-Galar|100\/100\n|move|p1a: Kartana|Leaf Blade|p2a: Moltres\n|-resisted|p2a: Moltres\n|-crit|p2a: Moltres\n|-damage|p2a: Moltres|61\/100\n|\n|-heal|p1a: Kartana|100\/100|[from] item: Leftovers\n|upkeep\n|turn|19\n|\n|t:|1636498314\n|switch|p1a: Clefable|Clefable, F|100\/100\n|-damage|p1a: Clefable|88\/100|[from] Stealth Rock\n|move|p2a: Moltres|Hurricane|p1a: Clefable\n|-damage|p1a: Clefable|53\/100\n|\n|-heal|p1a: Clefable|59\/100|[from] item: Leftovers\n|upkeep\n|turn|20\n|j| EcoEcho\n|\n|t:|1636498320\n|switch|p2a: Bisharp|Bisharp, M|1\/100\n|move|p1a: Clefable|Soft-Boiled|p1a: Clefable\n|-heal|p1a: Clefable|100\/100\n|\n|upkeep\n|turn|21\n|\n|t:|1636498322\n|switch|p2a: Latios|Latios, M|92\/100\n|switch|p1a: Toxapex|Toxapex, M, shiny|86\/100\n|-damage|p1a: Toxapex|74\/100|[from] Stealth Rock\n|\n|upkeep\n|turn|22\n|\n|t:|1636498325\n|switch|p1a: Clefable|Clefable, F|100\/100\n|-damage|p1a: Clefable|88\/100|[from] Stealth Rock\n|move|p2a: Latios|Psychic|p1a: Clefable\n|-damage|p1a: Clefable|52\/100\n|\n|-heal|p1a: Clefable|58\/100|[from] item: Leftovers\n|upkeep\n|turn|23\n|\n|t:|1636498327\n|move|p2a: Latios|Psychic|p1a: Clefable\n|-damage|p1a: Clefable|23\/100\n|move|p1a: Clefable|Soft-Boiled|p1a: Clefable\n|-heal|p1a: Clefable|73\/100\n|\n|-heal|p1a: Clefable|79\/100|[from] item: Leftovers\n|upkeep\n|turn|24\n|\n|t:|1636498333\n|move|p2a: Latios|Psychic|p1a: Clefable\n|-damage|p1a: Clefable|40\/100\n|move|p1a: Clefable|Soft-Boiled|p1a: Clefable\n|-heal|p1a: Clefable|90\/100\n|\n|-heal|p1a: Clefable|96\/100|[from] item: Leftovers\n|upkeep\n|turn|25\n|\n|t:|1636498340\n|move|p2a: Latios|Mystical Fire|p1a: Clefable\n|-damage|p1a: Clefable|79\/100\n|-unboost|p1a: Clefable|spa|1\n|move|p1a: Clefable|Thunder Wave|p2a: Latios\n|-status|p2a: Latios|par\n|\n|-heal|p1a: Clefable|85\/100|[from] item: Leftovers\n|upkeep\n|turn|26\n|c|\u2606dovesoap2|gg\n|\n|t:|1636498350\n|move|p2a: Latios|Future Sight|p1a: Clefable\n|-start|p2a: Latios|move: Future Sight\n|move|p1a: Clefable|Moonblast|p2a: Latios\n|-supereffective|p2a: Latios\n|-damage|p2a: Latios|51\/100 par\n|\n|-heal|p1a: Clefable|91\/100|[from] item: Leftovers\n|upkeep\n|turn|27\n|\n|t:|1636498355\n|switch|p2a: Bisharp|Bisharp, M|1\/100\n|move|p1a: Clefable|Soft-Boiled|p1a: Clefable\n|-heal|p1a: Clefable|100\/100\n|\n|upkeep\n|turn|28\n|\n|t:|1636498364\n|switch|p1a: Tornadus|Tornadus-Therian, M|100\/100\n|move|p2a: Bisharp|Iron Head|p1a: Tornadus\n|-damage|p1a: Tornadus|38\/100\n|\n|-end|p1a: Tornadus|move: Future Sight\n|-damage|p1a: Tornadus|0 fnt\n|faint|p1a: Tornadus\n|upkeep\n|\n|t:|1636498368\n|switch|p1a: Kartana|Kartana|100\/100\n|-damage|p1a: Kartana|94\/100|[from] Stealth Rock\n|turn|29\n|\n|t:|1636498373\n|switch|p2a: Landorus|Landorus-Therian, M|47\/100\n|-ability|p2a: Landorus|Intimidate|boost\n|-unboost|p1a: Kartana|atk|1\n|move|p1a: Kartana|Knock Off|p2a: Landorus\n|-damage|p2a: Landorus|22\/100\n|-enditem|p2a: Landorus|Focus Sash|[from] move: Knock Off|[of] p1a: Kartana\n|\n|-heal|p1a: Kartana|100\/100|[from] item: Leftovers\n|upkeep\n|turn|30\n|\n|t:|1636498382\n|switch|p2a: Aegislash|Aegislash, F|100\/100\n|move|p1a: Kartana|Swords Dance|p1a: Kartana\n|-boost|p1a: Kartana|atk|2\n|\n|upkeep\n|turn|31\n|\n|t:|1636498386\n|move|p1a: Kartana|Knock Off|p2a: Aegislash\n|-supereffective|p2a: Aegislash\n|-damage|p2a: Aegislash|22\/100\n|-enditem|p2a: Aegislash|Weakness Policy\n|-boost|p2a: Aegislash|atk|2|[from] item: Weakness Policy\n|-boost|p2a: Aegislash|spa|2|[from] item: Weakness Policy\n|-formechange|p2a: Aegislash|Aegislash-Blade||[from] ability: Stance Change\n|move|p2a: Aegislash|Shadow Ball|p1a: Kartana\n|-crit|p1a: Kartana\n|-damage|p1a: Kartana|0 fnt\n|faint|p1a: Kartana\n|\n|upkeep\n|\n|t:|1636498394\n|switch|p1a: Landorus|Landorus-Therian, M|100\/100\n|-damage|p1a: Landorus|88\/100|[from] Stealth Rock\n|-ability|p1a: Landorus|Intimidate|boost\n|-unboost|p2a: Aegislash|atk|1\n|turn|32\n|\n|t:|1636498407\n|switch|p2a: Moltres|Moltres-Galar|61\/100\n|move|p1a: Landorus|Knock Off|p2a: Moltres\n|-resisted|p2a: Moltres\n|-damage|p2a: Moltres|43\/100\n|-enditem|p2a: Moltres|Heavy-Duty Boots|[from] move: Knock Off|[of] p1a: Landorus\n|-ability|p2a: Moltres|Berserk|boost\n|-boost|p2a: Moltres|spa|1\n|\n|-heal|p1a: Landorus|94\/100|[from] item: Leftovers\n|upkeep\n|turn|33\n|\n|t:|1636498413\n|switch|p1a: Clefable|Clefable, F|100\/100\n|-damage|p1a: Clefable|88\/100|[from] Stealth Rock\n|move|p2a: Moltres|Hurricane|p1a: Clefable\n|-damage|p1a: Clefable|53\/100\n|\n|-heal|p1a: Clefable|59\/100|[from] item: Leftovers\n|upkeep\n|turn|34\n|\n|t:|1636498427\n|switch|p2a: Landorus|Landorus-Therian, M|22\/100\n|-ability|p2a: Landorus|Intimidate|boost\n|-unboost|p1a: Clefable|atk|1\n|move|p1a: Clefable|Soft-Boiled|p1a: Clefable\n|-heal|p1a: Clefable|100\/100\n|\n|upkeep\n|turn|35\n|\n|t:|1636498431\n|switch|p1a: Landorus|Landorus-Therian, M|94\/100\n|-damage|p1a: Landorus|82\/100|[from] Stealth Rock\n|-ability|p1a: Landorus|Intimidate|boost\n|-unboost|p2a: Landorus|atk|1\n|move|p2a: Landorus|Explosion|p1a: Landorus\n|-damage|p1a: Landorus|25\/100\n|faint|p2a: Landorus\n|\n|-heal|p1a: Landorus|31\/100|[from] item: Leftovers\n|upkeep\n|\n|t:|1636498434\n|switch|p2a: Moltres|Moltres-Galar|43\/100\n|turn|36\n|\n|t:|1636498442\n|switch|p1a: Clefable|Clefable, F|100\/100\n|-damage|p1a: Clefable|88\/100|[from] Stealth Rock\n|move|p2a: Moltres|Fiery Wrath|p1a: Clefable\n|-resisted|p1a: Clefable\n|-damage|p1a: Clefable|74\/100\n|\n|-heal|p1a: Clefable|80\/100|[from] item: Leftovers\n|upkeep\n|turn|37\n|\n|t:|1636498455\n|move|p2a: Moltres|Hurricane|p1a: Clefable|[miss]\n|-miss|p2a: Moltres|p1a: Clefable\n|move|p1a: Clefable|Thunder Wave|p2a: Moltres\n|-status|p2a: Moltres|par\n|\n|-heal|p1a: Clefable|86\/100|[from] item: Leftovers\n|upkeep\n|turn|38\n|\n|t:|1636498458\n|move|p1a: Clefable|Moonblast|p2a: Moltres\n|-supereffective|p2a: Moltres\n|-damage|p2a: Moltres|0 fnt\n|faint|p2a: Moltres\n|\n|-heal|p1a: Clefable|92\/100|[from] item: Leftovers\n|upkeep\n|\n|t:|1636498463\n|switch|p2a: Bisharp|Bisharp, M|1\/100\n|turn|39\n|\n|t:|1636498465\n|switch|p2a: Latios|Latios, M|51\/100 par\n|switch|p1a: Toxapex|Toxapex, M, shiny|100\/100\n|-damage|p1a: Toxapex|88\/100|[from] Stealth Rock\n|\n|upkeep\n|turn|40\n|\n|t:|1636498471\n|switch|p1a: Clefable|Clefable, F|92\/100\n|-damage|p1a: Clefable|80\/100|[from] Stealth Rock\n|move|p2a: Latios|Future Sight|p1a: Clefable\n|-start|p2a: Latios|move: Future Sight\n|\n|-heal|p1a: Clefable|86\/100|[from] item: Leftovers\n|upkeep\n|turn|41\n|\n|t:|1636498482\n|switch|p2a: Aegislash|Aegislash, F|22\/100\n|move|p1a: Clefable|Moonblast|p2a: Aegislash\n|-resisted|p2a: Aegislash\n|-damage|p2a: Aegislash|10\/100\n|-unboost|p2a: Aegislash|spa|1\n|\n|-heal|p1a: Clefable|92\/100|[from] item: Leftovers\n|upkeep\n|turn|42\n|\n|t:|1636498490\n|switch|p2a: Bisharp|Bisharp, M|1\/100\n|move|p1a: Clefable|Thunder Wave|p2a: Bisharp|[miss]\n|-miss|p1a: Clefable|p2a: Bisharp\n|\n|-end|p1a: Clefable|move: Future Sight\n|-damage|p1a: Clefable|53\/100\n|-heal|p1a: Clefable|59\/100|[from] item: Leftovers\n|upkeep\n|turn|43\n|c|\u2606dovesoap2|come on\n|\n|t:|1636498496\n|switch|p2a: Latios|Latios, M|51\/100 par\n|switch|p1a: Toxapex|Toxapex, M, shiny|100\/100\n|-damage|p1a: Toxapex|88\/100|[from] Stealth Rock\n|\n|upkeep\n|turn|44\n|\n|t:|1636498498\n|switch|p1a: Clefable|Clefable, F|59\/100\n|-damage|p1a: Clefable|47\/100|[from] Stealth Rock\n|move|p2a: Latios|Psychic|p1a: Clefable\n|-damage|p1a: Clefable|9\/100\n|\n|-heal|p1a: Clefable|15\/100|[from] item: Leftovers\n|upkeep\n|turn|45\n|\n|t:|1636498503\n|move|p2a: Latios|Psychic|p1a: Clefable\n|-damage|p1a: Clefable|0 fnt\n|faint|p1a: Clefable\n|\n|upkeep\n|c|\u2606dovesoap2|no paras either\n|\n|t:|1636498507\n|switch|p1a: Landorus|Landorus-Therian, M|31\/100\n|-damage|p1a: Landorus|18\/100|[from] Stealth Rock\n|-ability|p1a: Landorus|Intimidate|boost\n|-unboost|p2a: Latios|atk|1\n|turn|46\n|\n|t:|1636498511\n|switch|p2a: Aegislash|Aegislash, F|10\/100\n|move|p1a: Landorus|Knock Off|p2a: Aegislash\n|-supereffective|p2a: Aegislash\n|-damage|p2a: Aegislash|0 fnt\n|faint|p2a: Aegislash\n|\n|-heal|p1a: Landorus|24\/100|[from] item: Leftovers\n|upkeep\n|\n|t:|1636498512\n|switch|p2a: Bisharp|Bisharp, M|1\/100\n|turn|47\n|l| enem memem\n|c|\u2606dovesoap2|is this 1 hp\n|\n|t:|1636498524\n|switch|p1a: Toxapex|Toxapex, M, shiny|100\/100\n|-damage|p1a: Toxapex|88\/100|[from] Stealth Rock\n|move|p2a: Bisharp|Sucker Punch||[still]\n|-fail|p2a: Bisharp\n|\n|upkeep\n|turn|48\n|\n|t:|1636498529\n|switch|p2a: Latios|Latios, M|51\/100 par\n|switch|p1a: Landorus|Landorus-Therian, M|24\/100\n|-damage|p1a: Landorus|12\/100|[from] Stealth Rock\n|-ability|p1a: Landorus|Intimidate|boost\n|-unboost|p2a: Latios|atk|1\n|\n|-heal|p1a: Landorus|18\/100|[from] item: Leftovers\n|upkeep\n|turn|49\n|c|\u2606early_human|gg\n|-message|early_human forfeited.\n|\n|win|dovesoap2\n|raw|dovesoap2's rating: 1733 &rarr; <strong>1762<\/strong><br \/>(+29 for winning)\n|raw|early_human's rating: 1903 &rarr; <strong>1874<\/strong><br \/>(-29 for losing)\n|l|\u2606early_human\n|l| sille rovert\n|l| EcoEcho\n||Ladder isn't responding, score probably updated but might not have (Request timeout).\n","uploadtime":1636498553,"views":21,"p1id":"dovesoap2","p2id":"earlyhuman","formatid":"gen8ou","rating":1762,"private":0,"password":null}