{"id":"gen8ou-1134942561","p1":"Bhugman","p2":"testotesto321","format":"gen8ou","log":"|j|\u2606Bhugman\n|j|\u2606testotesto321\n|player|p1|Bhugman|167|1575\n|player|p2|testotesto321|bellelba|1565\n|teamsize|p1|6\n|teamsize|p2|6\n|gametype|singles\n|gen|8\n|tier|[Gen 8] OU\n|rated|\n|clearpoke\n|poke|p1|Ferrothorn, F|\n|poke|p1|Rotom-Heat|\n|poke|p1|Clefable, F|\n|poke|p1|Skarmory, F|\n|poke|p1|Chansey, F|\n|poke|p1|Pyukumuku, M|\n|poke|p2|Alakazam, F|\n|poke|p2|Cinderace, M|\n|poke|p2|Urshifu, F|\n|poke|p2|Chansey, F|\n|poke|p2|Mandibuzz, F|\n|poke|p2|Toxapex, F|\n|rule|Sleep Clause Mod: Limit one foe put to sleep\n|rule|Species Clause: Limit one of each Pok\u00e9mon\n|rule|OHKO Clause: OHKO moves are banned\n|rule|Evasion Moves Clause: Evasion moves are banned\n|rule|Endless Battle Clause: Forcing endless battles is banned\n|rule|HP Percentage Mod: HP is shown in percentages\n|rule|Dynamax Clause: You cannot dynamax\n|teampreview\n|\n|start\n|switch|p1a: Pyukumuku|Pyukumuku, M|100\/100\n|switch|p2a: Cinderace|Cinderace, M|100\/100\n|turn|1\n|\n|move|p2a: Cinderace|U-turn|p1a: Pyukumuku\n|-start|p2a: Cinderace|typechange|Bug|[from] ability: Libero\n|-damage|p1a: Pyukumuku|78\/100\n|\n|switch|p2a: Chansey|Chansey, F|100\/100|[from]move: U-turn\n|move|p1a: Pyukumuku|Counter|p2a: Chansey\n|-damage|p2a: Chansey|81\/100\n|\n|-heal|p1a: Pyukumuku|84\/100|[from] item: Leftovers\n|upkeep\n|turn|2\n|\n|switch|p1a: Ferrothorn|Ferrothorn, F|100\/100\n|move|p2a: Chansey|Stealth Rock|p1a: Ferrothorn\n|-sidestart|p1: Bhugman|move: Stealth Rock\n|\n|upkeep\n|turn|3\n|\n|switch|p2a: Toxapex|Toxapex, F, shiny|100\/100\n|move|p1a: Ferrothorn|Thunder Wave|p2a: Toxapex|[miss]\n|-miss|p1a: Ferrothorn|p2a: Toxapex\n|\n|upkeep\n|turn|4\n|\n|move|p2a: Toxapex|Scald|p1a: Ferrothorn\n|-resisted|p1a: Ferrothorn\n|-damage|p1a: Ferrothorn|94\/100\n|-status|p1a: Ferrothorn|brn\n|move|p1a: Ferrothorn|Thunder Wave|p2a: Toxapex\n|-status|p2a: Toxapex|par\n|\n|-heal|p1a: Ferrothorn|99\/100 brn|[from] item: Leftovers\n|-damage|p1a: Ferrothorn|94\/100 brn|[from] brn\n|upkeep\n|turn|5\n|\n|move|p1a: Ferrothorn|Knock Off|p2a: Toxapex\n|-damage|p2a: Toxapex|94\/100 par\n|-enditem|p2a: Toxapex|Black Sludge|[from] move: Knock Off|[of] p1a: Ferrothorn\n|move|p2a: Toxapex|Scald|p1a: Ferrothorn\n|-resisted|p1a: Ferrothorn\n|-damage|p1a: Ferrothorn|87\/100 brn\n|\n|-heal|p1a: Ferrothorn|93\/100 brn|[from] item: Leftovers\n|-damage|p1a: Ferrothorn|87\/100 brn|[from] brn\n|upkeep\n|turn|6\n|\n|switch|p2a: Chansey|Chansey, F|81\/100\n|move|p1a: Ferrothorn|Leech Seed|p2a: Chansey\n|-start|p2a: Chansey|move: Leech Seed\n|\n|-heal|p1a: Ferrothorn|93\/100 brn|[from] item: Leftovers\n|-damage|p2a: Chansey|68\/100|[from] Leech Seed|[of] p1a: Ferrothorn\n|-heal|p1a: Ferrothorn|100\/100 brn|[silent]\n|-damage|p1a: Ferrothorn|94\/100 brn|[from] brn\n|upkeep\n|turn|7\n|\n|switch|p2a: Toxapex|Toxapex, F, shiny|100\/100 par\n|move|p1a: Ferrothorn|Knock Off|p2a: Toxapex\n|-damage|p2a: Toxapex|96\/100 par\n|\n|-heal|p1a: Ferrothorn|100\/100 brn|[from] item: Leftovers\n|-damage|p1a: Ferrothorn|94\/100 brn|[from] brn\n|upkeep\n|turn|8\n|\n|move|p1a: Ferrothorn|Knock Off|p2a: Toxapex\n|-damage|p2a: Toxapex|92\/100 par\n|move|p2a: Toxapex|Scald|p1a: Ferrothorn\n|-resisted|p1a: Ferrothorn\n|-damage|p1a: Ferrothorn|87\/100 brn\n|\n|-heal|p1a: Ferrothorn|93\/100 brn|[from] item: Leftovers\n|-damage|p1a: Ferrothorn|87\/100 brn|[from] brn\n|upkeep\n|turn|9\n|\n|move|p1a: Ferrothorn|Leech Seed|p2a: Toxapex\n|-start|p2a: Toxapex|move: Leech Seed\n|move|p2a: Toxapex|Haze|p2a: Toxapex\n|-clearallboost\n|\n|-heal|p1a: Ferrothorn|93\/100 brn|[from] item: Leftovers\n|-damage|p2a: Toxapex|79\/100 par|[from] Leech Seed|[of] p1a: Ferrothorn\n|-heal|p1a: Ferrothorn|100\/100 brn|[silent]\n|-damage|p1a: Ferrothorn|94\/100 brn|[from] brn\n|upkeep\n|turn|10\n|\n|move|p1a: Ferrothorn|Knock Off|p2a: Toxapex\n|-damage|p2a: Toxapex|75\/100 par\n|cant|p2a: Toxapex|par\n|\n|-heal|p1a: Ferrothorn|100\/100 brn|[from] item: Leftovers\n|-damage|p2a: Toxapex|62\/100 par|[from] Leech Seed|[of] p1a: Ferrothorn\n|-damage|p1a: Ferrothorn|94\/100 brn|[from] brn\n|upkeep\n|turn|11\n|\n|switch|p1a: Skarmory|Skarmory, F|100\/100\n|-damage|p1a: Skarmory|88\/100|[from] Stealth Rock\n|move|p2a: Toxapex|Recover|p2a: Toxapex\n|-heal|p2a: Toxapex|100\/100 par\n|\n|-heal|p1a: Skarmory|94\/100|[from] item: Leftovers\n|-damage|p2a: Toxapex|88\/100 par|[from] Leech Seed|[of] p1a: Skarmory\n|-heal|p1a: Skarmory|100\/100|[silent]\n|upkeep\n|turn|12\n|\n|switch|p2a: Alakazam|Alakazam, F|100\/100\n|move|p1a: Skarmory|Defog|p2a: Alakazam\n|-unboost|p2a: Alakazam|evasion|1\n|-sideend|p1: Bhugman|Stealth Rock|[from] move: Defog|[of] p1a: Skarmory\n|\n|upkeep\n|turn|13\n|\n|switch|p1a: Clefable|Clefable, F|100\/100\n|move|p2a: Alakazam|Psychic|p1a: Clefable\n|-damage|p1a: Clefable|56\/100\n|\n|-heal|p1a: Clefable|62\/100|[from] item: Leftovers\n|upkeep\n|turn|14\n|\n|switch|p2a: Toxapex|Toxapex, F, shiny|100\/100 par\n|switch|p1a: Chansey|Chansey, F|100\/100\n|\n|upkeep\n|turn|15\n|\n|move|p1a: Chansey|Wish|p1a: Chansey\n|move|p2a: Toxapex|Toxic|p1a: Chansey\n|-status|p1a: Chansey|tox\n|\n|-damage|p1a: Chansey|94\/100 tox|[from] psn\n|upkeep\n|turn|16\n|\n|switch|p1a: Clefable|Clefable, F|62\/100\n|switch|p2a: Mandibuzz|Mandibuzz, F|100\/100\n|\n|-heal|p1a: Clefable|100\/100|[from] move: Wish|[wisher] Chansey\n|upkeep\n|turn|17\n|\n|move|p2a: Mandibuzz|U-turn|p1a: Clefable\n|-resisted|p1a: Clefable\n|-damage|p1a: Clefable|94\/100\n|\n|switch|p2a: Toxapex|Toxapex, F, shiny|100\/100 par|[from]move: U-turn\n|move|p1a: Clefable|Thunderbolt|p2a: Toxapex\n|-supereffective|p2a: Toxapex\n|-damage|p2a: Toxapex|65\/100 par\n|\n|-heal|p1a: Clefable|99\/100|[from] item: Leftovers\n|upkeep\n|turn|18\n|\n|switch|p2a: Chansey|Chansey, F|68\/100\n|move|p1a: Clefable|Thunderbolt|p2a: Chansey\n|-damage|p2a: Chansey|62\/100\n|\n|-heal|p1a: Clefable|100\/100|[from] item: Leftovers\n|upkeep\n|turn|19\n|\n|move|p1a: Clefable|Calm Mind|p1a: Clefable\n|-boost|p1a: Clefable|spa|1\n|-boost|p1a: Clefable|spd|1\n|move|p2a: Chansey|Soft-Boiled|p2a: Chansey\n|-heal|p2a: Chansey|100\/100\n|\n|upkeep\n|turn|20\n|\n|move|p1a: Clefable|Thunderbolt|p2a: Chansey\n|-damage|p2a: Chansey|91\/100\n|move|p2a: Chansey|Toxic|p1a: Clefable\n|-status|p1a: Clefable|tox\n|\n|-damage|p1a: Clefable|94\/100 tox|[from] psn\n|upkeep\n|turn|21\n|\n|move|p1a: Clefable|Aromatherapy|p1a: Clefable\n|-activate|p1a: Clefable|move: Aromatherapy\n|-curestatus|p1a: Clefable|tox|[msg]\n|-curestatus|p1: Ferrothorn|brn|[msg]\n|move|p2a: Chansey|Seismic Toss|p1a: Clefable\n|-damage|p1a: Clefable|69\/100\n|\n|-heal|p1a: Clefable|75\/100|[from] item: Leftovers\n|upkeep\n|turn|22\n|\n|switch|p1a: Ferrothorn|Ferrothorn, F|94\/100\n|move|p2a: Chansey|Toxic|p1a: Ferrothorn\n|-immune|p1a: Ferrothorn\n|\n|-heal|p1a: Ferrothorn|100\/100|[from] item: Leftovers\n|upkeep\n|turn|23\n|\n|switch|p2a: Toxapex|Toxapex, F, shiny|98\/100 par\n|move|p1a: Ferrothorn|Knock Off|p2a: Toxapex\n|-damage|p2a: Toxapex|90\/100 par\n|\n|upkeep\n|turn|24\n|\n|switch|p1a: Skarmory|Skarmory, F|100\/100\n|cant|p2a: Toxapex|par\n|\n|upkeep\n|turn|25\n|\n|move|p1a: Skarmory|Stealth Rock|p2a: Toxapex\n|-sidestart|p2: testotesto321|move: Stealth Rock\n|cant|p2a: Toxapex|par\n|\n|upkeep\n|turn|26\n|\n|switch|p1a: Ferrothorn|Ferrothorn, F|100\/100\n|switch|p2a: Cinderace|Cinderace, M|100\/100\n|\n|upkeep\n|turn|27\n|\n|switch|p1a: Pyukumuku|Pyukumuku, M|84\/100\n|move|p2a: Cinderace|Pyro Ball|p1a: Pyukumuku\n|-resisted|p1a: Pyukumuku\n|-damage|p1a: Pyukumuku|65\/100\n|\n|-heal|p1a: Pyukumuku|72\/100|[from] item: Leftovers\n|upkeep\n|turn|28\n|\n|move|p2a: Cinderace|U-turn|p1a: Pyukumuku\n|-start|p2a: Cinderace|typechange|Bug|[from] ability: Libero\n|-damage|p1a: Pyukumuku|51\/100\n|\n|switch|p2a: Mandibuzz|Mandibuzz, F|100\/100|[from]move: U-turn\n|move|p1a: Pyukumuku|Recover|p1a: Pyukumuku\n|-heal|p1a: Pyukumuku|100\/100\n|\n|upkeep\n|turn|29\n|\n|move|p2a: Mandibuzz|U-turn|p1a: Pyukumuku\n|-damage|p1a: Pyukumuku|93\/100\n|\n|switch|p2a: Chansey|Chansey, F|91\/100|[from]move: U-turn\n|-damage|p2a: Chansey|79\/100|[from] Stealth Rock\n|move|p1a: Pyukumuku|Counter|p2a: Chansey\n|-damage|p2a: Chansey|72\/100\n|\n|-heal|p1a: Pyukumuku|99\/100|[from] item: Leftovers\n|upkeep\n|turn|30\n|\n|switch|p1a: Ferrothorn|Ferrothorn, F|100\/100\n|move|p2a: Chansey|Stealth Rock|p1a: Ferrothorn\n|-sidestart|p1: Bhugman|move: Stealth Rock\n|\n|upkeep\n|turn|31\n|\n|switch|p2a: Toxapex|Toxapex, F, shiny|100\/100 par\n|-damage|p2a: Toxapex|88\/100 par|[from] Stealth Rock\n|move|p1a: Ferrothorn|Knock Off|p2a: Toxapex\n|-damage|p2a: Toxapex|79\/100 par\n|\n|upkeep\n|turn|32\n|\n|switch|p1a: Chansey|Chansey, F|94\/100\n|-damage|p1a: Chansey|82\/100|[from] Stealth Rock\n|move|p2a: Toxapex|Scald|p1a: Chansey\n|-damage|p1a: Chansey|77\/100\n|\n|upkeep\n|turn|33\n|\n|move|p1a: Chansey|Seismic Toss|p2a: Toxapex\n|-damage|p2a: Toxapex|47\/100 par\n|cant|p2a: Toxapex|par\n|\n|upkeep\n|turn|34\n|\n|move|p1a: Chansey|Seismic Toss|p2a: Toxapex\n|-damage|p2a: Toxapex|14\/100 par\n|cant|p2a: Toxapex|par\n|\n|upkeep\n|turn|35\n|\n|switch|p2a: Chansey|Chansey, F|72\/100\n|-damage|p2a: Chansey|60\/100|[from] Stealth Rock\n|move|p1a: Chansey|Seismic Toss|p2a: Chansey\n|-damage|p2a: Chansey|45\/100\n|\n|upkeep\n|turn|36\n|\n|move|p2a: Chansey|Soft-Boiled|p2a: Chansey\n|-heal|p2a: Chansey|95\/100\n|move|p1a: Chansey|Toxic|p2a: Chansey\n|-status|p2a: Chansey|tox\n|\n|-damage|p2a: Chansey|89\/100 tox|[from] psn\n|upkeep\n|turn|37\n|inactive|Battle timer is ON: inactive players will automatically lose when time's up. (requested by testotesto321)\n|\n|move|p1a: Chansey|Seismic Toss|p2a: Chansey\n|-damage|p2a: Chansey|75\/100 tox\n|move|p2a: Chansey|Toxic|p1a: Chansey\n|-status|p1a: Chansey|tox\n|\n|-damage|p1a: Chansey|71\/100 tox|[from] psn\n|-damage|p2a: Chansey|63\/100 tox|[from] psn\n|upkeep\n|turn|38\n|\n|move|p2a: Chansey|Soft-Boiled|p2a: Chansey\n|-heal|p2a: Chansey|100\/100 tox\n|move|p1a: Chansey|Soft-Boiled|p1a: Chansey\n|-heal|p1a: Chansey|100\/100 tox\n|\n|-damage|p1a: Chansey|88\/100 tox|[from] psn\n|-damage|p2a: Chansey|82\/100 tox|[from] psn\n|upkeep\n|turn|39\n|\n|-curestatus|p1a: Chansey|tox|[from] ability: Natural Cure\n|switch|p1a: Skarmory|Skarmory, F|100\/100\n|-damage|p1a: Skarmory|88\/100|[from] Stealth Rock\n|move|p2a: Chansey|Seismic Toss|p1a: Skarmory\n|-damage|p1a: Skarmory|58\/100\n|\n|-heal|p1a: Skarmory|64\/100|[from] item: Leftovers\n|-damage|p2a: Chansey|58\/100 tox|[from] psn\n|upkeep\n|turn|40\n|\n|switch|p2a: Toxapex|Toxapex, F, shiny|47\/100 par\n|-damage|p2a: Toxapex|34\/100 par|[from] Stealth Rock\n|move|p1a: Skarmory|Roost|p1a: Skarmory\n|-heal|p1a: Skarmory|100\/100\n|-singleturn|p1a: Skarmory|move: Roost\n|\n|upkeep\n|turn|41\n|\n|move|p1a: Skarmory|Body Press|p2a: Toxapex\n|-resisted|p2a: Toxapex\n|-damage|p2a: Toxapex|25\/100 par\n|move|p2a: Toxapex|Recover|p2a: Toxapex\n|-heal|p2a: Toxapex|75\/100 par\n|\n|upkeep\n|turn|42\n|\n|switch|p2a: Mandibuzz|Mandibuzz, F|100\/100\n|move|p1a: Skarmory|Defog|p2a: Mandibuzz\n|-unboost|p2a: Mandibuzz|evasion|1\n|-sideend|p2: testotesto321|Stealth Rock|[from] move: Defog|[of] p1a: Skarmory\n|-sideend|p1: Bhugman|Stealth Rock|[from] move: Defog|[of] p1a: Skarmory\n|\n|upkeep\n|turn|43\n|\n|move|p2a: Mandibuzz|U-turn|p1a: Skarmory\n|-resisted|p1a: Skarmory\n|-damage|p1a: Skarmory|99\/100\n|\n|switch|p2a: Toxapex|Toxapex, F, shiny|100\/100 par|[from]move: U-turn\n|move|p1a: Skarmory|Body Press|p2a: Toxapex\n|-resisted|p2a: Toxapex\n|-damage|p2a: Toxapex|90\/100 par\n|\n|-heal|p1a: Skarmory|100\/100|[from] item: Leftovers\n|upkeep\n|turn|44\n|\n|switch|p1a: Chansey|Chansey, F|88\/100\n|switch|p2a: Mandibuzz|Mandibuzz, F|100\/100\n|\n|upkeep\n|turn|45\n|\n|switch|p2a: Chansey|Chansey, F|58\/100\n|switch|p1a: Skarmory|Skarmory, F|100\/100\n|\n|upkeep\n|turn|46\n|\n|switch|p2a: Toxapex|Toxapex, F, shiny|100\/100 par\n|move|p1a: Skarmory|Body Press|p2a: Toxapex\n|-resisted|p2a: Toxapex\n|-damage|p2a: Toxapex|91\/100 par\n|\n|upkeep\n|turn|47\n|\n|switch|p2a: Mandibuzz|Mandibuzz, F|100\/100\n|move|p1a: Skarmory|Stealth Rock|p2a: Mandibuzz\n|-sidestart|p2: testotesto321|move: Stealth Rock\n|\n|upkeep\n|turn|48\n|\n|move|p2a: Mandibuzz|Defog|p1a: Skarmory\n|-unboost|p1a: Skarmory|evasion|1\n|-sideend|p2: testotesto321|Stealth Rock|[from] move: Defog|[of] p2a: Mandibuzz\n|move|p1a: Skarmory|Body Press|p2a: Mandibuzz\n|-damage|p2a: Mandibuzz|83\/100\n|\n|upkeep\n|turn|49\n|\n|move|p2a: Mandibuzz|Foul Play|p1a: Skarmory\n|-damage|p1a: Skarmory|87\/100\n|move|p1a: Skarmory|Stealth Rock|p2a: Mandibuzz\n|-sidestart|p2: testotesto321|move: Stealth Rock\n|\n|-heal|p1a: Skarmory|93\/100|[from] item: Leftovers\n|upkeep\n|turn|50\n|\n|switch|p1a: Rotom|Rotom-Heat|100\/100\n|move|p2a: Mandibuzz|Defog|p1a: Rotom\n|-unboost|p1a: Rotom|evasion|1\n|-sideend|p2: testotesto321|Stealth Rock|[from] move: Defog|[of] p2a: Mandibuzz\n|\n|upkeep\n|turn|51\n|\n|move|p1a: Rotom|Thunderbolt|p2a: Mandibuzz\n|-supereffective|p2a: Mandibuzz\n|-damage|p2a: Mandibuzz|15\/100\n|move|p2a: Mandibuzz|U-turn|p1a: Rotom\n|-resisted|p1a: Rotom\n|-damage|p1a: Rotom|93\/100\n|\n|switch|p2a: Chansey|Chansey, F|58\/100|[from]move: U-turn\n|\n|upkeep\n|turn|52\n|\n|switch|p1a: Skarmory|Skarmory, F|93\/100\n|move|p2a: Chansey|Soft-Boiled|p2a: Chansey\n|-heal|p2a: Chansey|100\/100\n|\n|-heal|p1a: Skarmory|99\/100|[from] item: Leftovers\n|upkeep\n|turn|53\n|\n|switch|p2a: Toxapex|Toxapex, F, shiny|100\/100 par\n|move|p1a: Skarmory|Stealth Rock|p2a: Toxapex\n|-sidestart|p2: testotesto321|move: Stealth Rock\n|\n|-heal|p1a: Skarmory|100\/100|[from] item: Leftovers\n|upkeep\n|turn|54\n|\n|switch|p1a: Chansey|Chansey, F|88\/100\n|move|p2a: Toxapex|Scald|p1a: Chansey\n|-damage|p1a: Chansey|83\/100\n|-status|p1a: Chansey|brn\n|\n|-damage|p1a: Chansey|77\/100 brn|[from] brn\n|upkeep\n|turn|55\n|\n|switch|p2a: Chansey|Chansey, F|100\/100\n|-damage|p2a: Chansey|88\/100|[from] Stealth Rock\n|move|p1a: Chansey|Seismic Toss|p2a: Chansey\n|-damage|p2a: Chansey|74\/100\n|\n|-damage|p1a: Chansey|71\/100 brn|[from] brn\n|upkeep\n|turn|56\n|\n|switch|p2a: Alakazam|Alakazam, F|100\/100\n|move|p1a: Chansey|Soft-Boiled|p1a: Chansey\n|-heal|p1a: Chansey|100\/100 brn\n|\n|-damage|p1a: Chansey|94\/100 brn|[from] brn\n|upkeep\n|turn|57\n|\n|move|p2a: Alakazam|Psychic|p1a: Chansey\n|-damage|p1a: Chansey|74\/100 brn\n|move|p1a: Chansey|Wish|p1a: Chansey\n|\n|-damage|p1a: Chansey|68\/100 brn|[from] brn\n|upkeep\n|turn|58\n|\n|move|p2a: Alakazam|Psychic|p1a: Chansey\n|-damage|p1a: Chansey|48\/100 brn\n|move|p1a: Chansey|Seismic Toss|p2a: Alakazam\n|-damage|p2a: Alakazam|61\/100\n|\n|-heal|p1a: Chansey|98\/100 brn|[from] move: Wish|[wisher] Chansey\n|-damage|p1a: Chansey|92\/100 brn|[from] brn\n|upkeep\n|turn|59\n|\n|move|p2a: Alakazam|Psychic|p1a: Chansey\n|-damage|p1a: Chansey|73\/100 brn\n|move|p1a: Chansey|Wish|p1a: Chansey\n|\n|-damage|p1a: Chansey|67\/100 brn|[from] brn\n|upkeep\n|turn|60\n|\n|move|p2a: Alakazam|Recover|p2a: Alakazam\n|-heal|p2a: Alakazam|100\/100\n|move|p1a: Chansey|Seismic Toss|p2a: Alakazam\n|-damage|p2a: Alakazam|61\/100\n|\n|-heal|p1a: Chansey|100\/100 brn|[from] move: Wish|[wisher] Chansey\n|-damage|p1a: Chansey|94\/100 brn|[from] brn\n|upkeep\n|turn|61\n|\n|move|p2a: Alakazam|Psychic|p1a: Chansey\n|-damage|p1a: Chansey|74\/100 brn\n|-unboost|p1a: Chansey|spd|1\n|move|p1a: Chansey|Wish|p1a: Chansey\n|\n|-damage|p1a: Chansey|68\/100 brn|[from] brn\n|upkeep\n|turn|62\n|\n|-curestatus|p1a: Chansey|brn|[from] ability: Natural Cure\n|switch|p1a: Clefable|Clefable, F|75\/100\n|move|p2a: Alakazam|Recover|p2a: Alakazam\n|-heal|p2a: Alakazam|100\/100\n|\n|-heal|p1a: Clefable|100\/100|[from] move: Wish|[wisher] Chansey\n|upkeep\n|turn|63\n|\n|move|p2a: Alakazam|Psychic|p1a: Clefable\n|-damage|p1a: Clefable|62\/100\n|move|p1a: Clefable|Calm Mind|p1a: Clefable\n|-boost|p1a: Clefable|spa|1\n|-boost|p1a: Clefable|spd|1\n|\n|-heal|p1a: Clefable|68\/100|[from] item: Leftovers\n|upkeep\n|turn|64\n|\n|switch|p2a: Chansey|Chansey, F|74\/100\n|-damage|p2a: Chansey|62\/100|[from] Stealth Rock\n|move|p1a: Clefable|Wish|p1a: Clefable\n|\n|-heal|p1a: Clefable|74\/100|[from] item: Leftovers\n|upkeep\n|turn|65\n|\n|switch|p1a: Skarmory|Skarmory, F|100\/100\n|move|p2a: Chansey|Stealth Rock|p1a: Skarmory\n|-sidestart|p1: Bhugman|move: Stealth Rock\n|\n|upkeep\n|turn|66\n|\n|switch|p2a: Toxapex|Toxapex, F, shiny|100\/100 par\n|-damage|p2a: Toxapex|88\/100 par|[from] Stealth Rock\n|move|p1a: Skarmory|Defog|p2a: Toxapex\n|-unboost|p2a: Toxapex|evasion|1\n|-sideend|p2: testotesto321|Stealth Rock|[from] move: Defog|[of] p1a: Skarmory\n|-sideend|p1: Bhugman|Stealth Rock|[from] move: Defog|[of] p1a: Skarmory\n|\n|upkeep\n|turn|67\n|\n|switch|p1a: Chansey|Chansey, F|68\/100\n|switch|p2a: Mandibuzz|Mandibuzz, F|15\/100\n|\n|upkeep\n|turn|68\n|\n|switch|p2a: Chansey|Chansey, F|62\/100\n|switch|p1a: Rotom|Rotom-Heat|93\/100\n|\n|upkeep\n|turn|69\n|\n|switch|p1a: Chansey|Chansey, F|68\/100\n|move|p2a: Chansey|Soft-Boiled|p2a: Chansey\n|-heal|p2a: Chansey|100\/100\n|\n|upkeep\n|turn|70\n|\n|switch|p2a: Toxapex|Toxapex, F, shiny|100\/100 par\n|move|p1a: Chansey|Soft-Boiled|p1a: Chansey\n|-heal|p1a: Chansey|100\/100\n|\n|upkeep\n|turn|71\n|\n|move|p1a: Chansey|Seismic Toss|p2a: Toxapex\n|-damage|p2a: Toxapex|68\/100 par\n|move|p2a: Toxapex|Toxic|p1a: Chansey\n|-status|p1a: Chansey|tox\n|\n|-damage|p1a: Chansey|94\/100 tox|[from] psn\n|upkeep\n|turn|72\n|\n|-curestatus|p1a: Chansey|tox|[from] ability: Natural Cure\n|switch|p1a: Ferrothorn|Ferrothorn, F|100\/100\n|switch|p2a: Chansey|Chansey, F|100\/100\n|\n|upkeep\n|turn|73\n|\n|switch|p2a: Toxapex|Toxapex, F, shiny|100\/100 par\n|move|p1a: Ferrothorn|Knock Off|p2a: Toxapex\n|-damage|p2a: Toxapex|93\/100 par\n|\n|upkeep\n|turn|74\n|\n|switch|p2a: Mandibuzz|Mandibuzz, F|15\/100\n|move|p1a: Ferrothorn|Leech Seed|p2a: Mandibuzz\n|-start|p2a: Mandibuzz|move: Leech Seed\n|\n|-damage|p2a: Mandibuzz|3\/100|[from] Leech Seed|[of] p1a: Ferrothorn\n|upkeep\n|turn|75\n|\n|move|p2a: Mandibuzz|Roost|p2a: Mandibuzz\n|-heal|p2a: Mandibuzz|53\/100\n|-singleturn|p2a: Mandibuzz|move: Roost\n|move|p1a: Ferrothorn|Body Press|p2a: Mandibuzz\n|-supereffective|p2a: Mandibuzz\n|-damage|p2a: Mandibuzz|18\/100\n|\n|-damage|p2a: Mandibuzz|6\/100|[from] Leech Seed|[of] p1a: Ferrothorn\n|upkeep\n|turn|76\n|\n|move|p2a: Mandibuzz|Roost|p2a: Mandibuzz\n|-heal|p2a: Mandibuzz|56\/100\n|-singleturn|p2a: Mandibuzz|move: Roost\n|move|p1a: Ferrothorn|Body Press|p2a: Mandibuzz\n|-supereffective|p2a: Mandibuzz\n|-damage|p2a: Mandibuzz|20\/100\n|\n|-damage|p2a: Mandibuzz|8\/100|[from] Leech Seed|[of] p1a: Ferrothorn\n|upkeep\n|turn|77\n|\n|move|p2a: Mandibuzz|Roost|p2a: Mandibuzz\n|-heal|p2a: Mandibuzz|58\/100\n|-singleturn|p2a: Mandibuzz|move: Roost\n|move|p1a: Ferrothorn|Body Press|p2a: Mandibuzz\n|-supereffective|p2a: Mandibuzz\n|-damage|p2a: Mandibuzz|26\/100\n|\n|-damage|p2a: Mandibuzz|14\/100|[from] Leech Seed|[of] p1a: Ferrothorn\n|upkeep\n|turn|78\n|\n|move|p2a: Mandibuzz|Roost|p2a: Mandibuzz\n|-heal|p2a: Mandibuzz|64\/100\n|-singleturn|p2a: Mandibuzz|move: Roost\n|move|p1a: Ferrothorn|Thunder Wave|p2a: Mandibuzz\n|-status|p2a: Mandibuzz|par\n|\n|-damage|p2a: Mandibuzz|51\/100 par|[from] Leech Seed|[of] p1a: Ferrothorn\n|upkeep\n|turn|79\n|\n|switch|p2a: Toxapex|Toxapex, F, shiny|100\/100 par\n|move|p1a: Ferrothorn|Body Press|p2a: Toxapex\n|-resisted|p2a: Toxapex\n|-damage|p2a: Toxapex|92\/100 par\n|\n|upkeep\n|turn|80\n|\n|move|p1a: Ferrothorn|Leech Seed|p2a: Toxapex\n|-start|p2a: Toxapex|move: Leech Seed\n|move|p2a: Toxapex|Scald|p1a: Ferrothorn\n|-resisted|p1a: Ferrothorn\n|-damage|p1a: Ferrothorn|93\/100\n|-status|p1a: Ferrothorn|brn\n|\n|-heal|p1a: Ferrothorn|99\/100 brn|[from] item: Leftovers\n|-damage|p2a: Toxapex|79\/100 par|[from] Leech Seed|[of] p1a: Ferrothorn\n|-heal|p1a: Ferrothorn|100\/100 brn|[silent]\n|-damage|p1a: Ferrothorn|94\/100 brn|[from] brn\n|upkeep\n|turn|81\n|\n|switch|p2a: Mandibuzz|Mandibuzz, F|51\/100 par\n|move|p1a: Ferrothorn|Knock Off|p2a: Mandibuzz\n|-resisted|p2a: Mandibuzz\n|-damage|p2a: Mandibuzz|48\/100 par\n|-enditem|p2a: Mandibuzz|Heavy-Duty Boots|[from] move: Knock Off|[of] p1a: Ferrothorn\n|\n|-heal|p1a: Ferrothorn|100\/100 brn|[from] item: Leftovers\n|-damage|p1a: Ferrothorn|94\/100 brn|[from] brn\n|upkeep\n|turn|82\n|\n|switch|p1a: Skarmory|Skarmory, F|100\/100\n|move|p2a: Mandibuzz|Roost|p2a: Mandibuzz\n|-heal|p2a: Mandibuzz|98\/100 par\n|-singleturn|p2a: Mandibuzz|move: Roost\n|\n|upkeep\n|turn|83\n|\n|move|p1a: Skarmory|Stealth Rock|p2a: Mandibuzz\n|-sidestart|p2: testotesto321|move: Stealth Rock\n|move|p2a: Mandibuzz|U-turn|p1a: Skarmory\n|-resisted|p1a: Skarmory\n|-damage|p1a: Skarmory|99\/100\n|\n|switch|p2a: Chansey|Chansey, F|100\/100|[from]move: U-turn\n|-damage|p2a: Chansey|88\/100|[from] Stealth Rock\n|\n|-heal|p1a: Skarmory|100\/100|[from] item: Leftovers\n|upkeep\n|turn|84\n|\n|switch|p2a: Toxapex|Toxapex, F, shiny|100\/100 par\n|-damage|p2a: Toxapex|88\/100 par|[from] Stealth Rock\n|move|p1a: Skarmory|Body Press|p2a: Toxapex\n|-resisted|p2a: Toxapex\n|-damage|p2a: Toxapex|78\/100 par\n|\n|upkeep\n|turn|85\n|\n|switch|p1a: Clefable|Clefable, F|74\/100\n|switch|p2a: Alakazam|Alakazam, F|100\/100\n|\n|-heal|p1a: Clefable|80\/100|[from] item: Leftovers\n|upkeep\n|turn|86\n|\n|move|p2a: Alakazam|Psychic|p1a: Clefable\n|-damage|p1a: Clefable|39\/100\n|move|p1a: Clefable|Calm Mind|p1a: Clefable\n|-boost|p1a: Clefable|spa|1\n|-boost|p1a: Clefable|spd|1\n|\n|-heal|p1a: Clefable|45\/100|[from] item: Leftovers\n|upkeep\n|turn|87\n|\n|switch|p2a: Chansey|Chansey, F|88\/100\n|-damage|p2a: Chansey|76\/100|[from] Stealth Rock\n|switch|p1a: Chansey|Chansey, F|94\/100\n|\n|upkeep\n|turn|88\n|\n|move|p2a: Chansey|Toxic|p1a: Chansey\n|-status|p1a: Chansey|tox\n|move|p1a: Chansey|Wish|p1a: Chansey\n|\n|-damage|p1a: Chansey|88\/100 tox|[from] psn\n|upkeep\n|turn|89\n|\n|-curestatus|p1a: Chansey|tox|[from] ability: Natural Cure\n|switch|p1a: Clefable|Clefable, F|45\/100\n|move|p2a: Chansey|Stealth Rock|p1a: Clefable\n|-sidestart|p1: Bhugman|move: Stealth Rock\n|\n|-heal|p1a: Clefable|100\/100|[from] move: Wish|[wisher] Chansey\n|upkeep\n|turn|90\n|\n|move|p1a: Clefable|Calm Mind|p1a: Clefable\n|-boost|p1a: Clefable|spa|1\n|-boost|p1a: Clefable|spd|1\n|move|p2a: Chansey|Toxic|p1a: Clefable\n|-status|p1a: Clefable|tox\n|\n|-damage|p1a: Clefable|94\/100 tox|[from] psn\n|upkeep\n|turn|91\n|\n|move|p1a: Clefable|Calm Mind|p1a: Clefable\n|-boost|p1a: Clefable|spa|1\n|-boost|p1a: Clefable|spd|1\n|move|p2a: Chansey|Toxic|p1a: Clefable\n|-fail|p1a: Clefable|tox\n|\n|-heal|p1a: Clefable|100\/100 tox|[from] item: Leftovers\n|-damage|p1a: Clefable|88\/100 tox|[from] psn\n|upkeep\n|turn|92\n|\n|move|p1a: Clefable|Aromatherapy|p1a: Clefable\n|-activate|p1a: Clefable|move: Aromatherapy\n|-curestatus|p1a: Clefable|tox|[msg]\n|-curestatus|p1: Ferrothorn|brn|[msg]\n|move|p2a: Chansey|Seismic Toss|p1a: Clefable\n|-damage|p1a: Clefable|63\/100\n|\n|-heal|p1a: Clefable|69\/100|[from] item: Leftovers\n|upkeep\n|turn|93\n|\n|switch|p1a: Ferrothorn|Ferrothorn, F|94\/100\n|-damage|p1a: Ferrothorn|88\/100|[from] Stealth Rock\n|move|p2a: Chansey|Toxic|p1a: Ferrothorn\n|-immune|p1a: Ferrothorn\n|\n|-heal|p1a: Ferrothorn|94\/100|[from] item: Leftovers\n|upkeep\n|turn|94\n|\n|switch|p2a: Toxapex|Toxapex, F, shiny|100\/100 par\n|-damage|p2a: Toxapex|88\/100 par|[from] Stealth Rock\n|switch|p1a: Rotom|Rotom-Heat|93\/100\n|\n|upkeep\n|turn|95\n|\n|switch|p2a: Chansey|Chansey, F|76\/100\n|-damage|p2a: Chansey|63\/100|[from] Stealth Rock\n|move|p1a: Rotom|Thunderbolt|p2a: Chansey\n|-damage|p2a: Chansey|50\/100\n|\n|upkeep\n|turn|96\n|\n|switch|p1a: Skarmory|Skarmory, F|100\/100\n|-damage|p1a: Skarmory|88\/100|[from] Stealth Rock\n|move|p2a: Chansey|Soft-Boiled|p2a: Chansey\n|-heal|p2a: Chansey|99\/100\n|\n|-heal|p1a: Skarmory|94\/100|[from] item: Leftovers\n|upkeep\n|turn|97\n|\n|switch|p2a: Alakazam|Alakazam, F|100\/100\n|move|p1a: Skarmory|Defog|p2a: Alakazam\n|-unboost|p2a: Alakazam|evasion|1\n|-sideend|p2: testotesto321|Stealth Rock|[from] move: Defog|[of] p1a: Skarmory\n|-sideend|p1: Bhugman|Stealth Rock|[from] move: Defog|[of] p1a: Skarmory\n|\n|-heal|p1a: Skarmory|99\/100|[from] item: Leftovers\n|upkeep\n|turn|98\n|\n|switch|p1a: Chansey|Chansey, F|88\/100\n|move|p2a: Alakazam|Psychic|p1a: Chansey\n|-damage|p1a: Chansey|69\/100\n|\n|upkeep\n|turn|99\n|\n|move|p2a: Alakazam|Focus Blast|p1a: Chansey|[miss]\n|-miss|p2a: Alakazam|p1a: Chansey\n|move|p1a: Chansey|Soft-Boiled|p1a: Chansey\n|-heal|p1a: Chansey|100\/100\n|\n|upkeep\n|turn|100\n|\n|move|p2a: Alakazam|Focus Blast|p1a: Chansey|[miss]\n|-miss|p2a: Alakazam|p1a: Chansey\n|move|p1a: Chansey|Wish|p1a: Chansey\n|\n|upkeep\n|turn|101\n|\n|switch|p2a: Chansey|Chansey, F|99\/100\n|switch|p1a: Clefable|Clefable, F|69\/100\n|\n|-heal|p1a: Clefable|100\/100|[from] move: Wish|[wisher] Chansey\n|upkeep\n|turn|102\n|\n|switch|p1a: Skarmory|Skarmory, F|99\/100\n|move|p2a: Chansey|Stealth Rock|p1a: Skarmory\n|-sidestart|p1: Bhugman|move: Stealth Rock\n|\n|-heal|p1a: Skarmory|100\/100|[from] item: Leftovers\n|upkeep\n|turn|103\n|\n|switch|p2a: Cinderace|Cinderace, M|100\/100\n|move|p1a: Skarmory|Defog|p2a: Cinderace\n|-unboost|p2a: Cinderace|evasion|1\n|-sideend|p1: Bhugman|Stealth Rock|[from] move: Defog|[of] p1a: Skarmory\n|\n|upkeep\n|turn|104\n|\n|switch|p1a: Pyukumuku|Pyukumuku, M|99\/100\n|move|p2a: Cinderace|U-turn|p1a: Pyukumuku\n|-start|p2a: Cinderace|typechange|Bug|[from] ability: Libero\n|-damage|p1a: Pyukumuku|78\/100\n|\n|switch|p2a: Alakazam|Alakazam, F|100\/100|[from]move: U-turn\n|\n|-heal|p1a: Pyukumuku|84\/100|[from] item: Leftovers\n|upkeep\n|turn|105\n|\n|switch|p2a: Cinderace|Cinderace, M|100\/100\n|move|p1a: Pyukumuku|Mirror Coat||[still]\n|-fail|p1a: Pyukumuku\n|\n|-heal|p1a: Pyukumuku|90\/100|[from] item: Leftovers\n|upkeep\n|turn|106\n|\n|move|p2a: Cinderace|U-turn|p1a: Pyukumuku\n|-start|p2a: Cinderace|typechange|Bug|[from] ability: Libero\n|-damage|p1a: Pyukumuku|68\/100\n|\n|switch|p2a: Toxapex|Toxapex, F, shiny|100\/100 par|[from]move: U-turn\n|move|p1a: Pyukumuku|Counter|p2a: Toxapex\n|-damage|p2a: Toxapex|56\/100 par\n|\n|-heal|p1a: Pyukumuku|74\/100|[from] item: Leftovers\n|upkeep\n|turn|107\n|\n|switch|p2a: Mandibuzz|Mandibuzz, F|98\/100 par\n|switch|p1a: Skarmory|Skarmory, F|100\/100\n|\n|upkeep\n|turn|108\n|\n|move|p1a: Skarmory|Stealth Rock|p2a: Mandibuzz\n|-sidestart|p2: testotesto321|move: Stealth Rock\n|move|p2a: Mandibuzz|U-turn|p1a: Skarmory\n|-resisted|p1a: Skarmory\n|-damage|p1a: Skarmory|99\/100\n|\n|switch|p2a: Toxapex|Toxapex, F, shiny|90\/100 par|[from]move: U-turn\n|-damage|p2a: Toxapex|77\/100 par|[from] Stealth Rock\n|\n|-heal|p1a: Skarmory|100\/100|[from] item: Leftovers\n|upkeep\n|turn|109\n|inactive|testotesto321 has 120 seconds left.\n|\n|switch|p1a: Chansey|Chansey, F|100\/100\n|switch|p2a: Mandibuzz|Mandibuzz, F|98\/100 par\n|-damage|p2a: Mandibuzz|74\/100 par|[from] Stealth Rock\n|\n|upkeep\n|turn|110\n|\n|switch|p2a: Chansey|Chansey, F|99\/100\n|-damage|p2a: Chansey|88\/100|[from] Stealth Rock\n|move|p1a: Chansey|Seismic Toss|p2a: Chansey\n|-damage|p2a: Chansey|74\/100\n|\n|upkeep\n|turn|111\n|inactive|testotesto321 has 120 seconds left.\n|\n|move|p2a: Chansey|Stealth Rock|p1a: Chansey\n|-sidestart|p1: Bhugman|move: Stealth Rock\n|move|p1a: Chansey|Toxic|p2a: Chansey\n|-status|p2a: Chansey|tox\n|\n|-damage|p2a: Chansey|67\/100 tox|[from] psn\n|upkeep\n|turn|112\n|inactive|testotesto321 has 120 seconds left.\n|\n|move|p1a: Chansey|Seismic Toss|p2a: Chansey\n|-damage|p2a: Chansey|53\/100 tox\n|move|p2a: Chansey|Soft-Boiled|p2a: Chansey\n|-heal|p2a: Chansey|100\/100 tox\n|\n|-damage|p2a: Chansey|88\/100 tox|[from] psn\n|upkeep\n|turn|113\n|\n|-curestatus|p2a: Chansey|tox|[from] ability: Natural Cure\n|switch|p2a: Toxapex|Toxapex, F, shiny|100\/100 par\n|-damage|p2a: Toxapex|88\/100 par|[from] Stealth Rock\n|move|p1a: Chansey|Toxic||[still]\n|-fail|p1a: Chansey\n|\n|upkeep\n|turn|114\n|inactive|testotesto321 has 120 seconds left.\n|\n|switch|p1a: Skarmory|Skarmory, F|100\/100\n|-damage|p1a: Skarmory|88\/100|[from] Stealth Rock\n|switch|p2a: Chansey|Chansey, F|88\/100\n|-damage|p2a: Chansey|76\/100|[from] Stealth Rock\n|\n|-heal|p1a: Skarmory|94\/100|[from] item: Leftovers\n|upkeep\n|turn|115\n|inactive|testotesto321 has 120 seconds left.\n|\n|switch|p2a: Alakazam|Alakazam, F|100\/100\n|move|p1a: Skarmory|Defog|p2a: Alakazam\n|-unboost|p2a: Alakazam|evasion|1\n|-sideend|p2: testotesto321|Stealth Rock|[from] move: Defog|[of] p1a: Skarmory\n|-sideend|p1: Bhugman|Stealth Rock|[from] move: Defog|[of] p1a: Skarmory\n|\n|-heal|p1a: Skarmory|99\/100|[from] item: Leftovers\n|upkeep\n|turn|116\n|inactive|testotesto321 has 120 seconds left.\n|\n|switch|p1a: Chansey|Chansey, F|100\/100\n|move|p2a: Alakazam|Psychic|p1a: Chansey\n|-damage|p1a: Chansey|80\/100\n|\n|upkeep\n|turn|117\n|inactive|testotesto321 has 120 seconds left.\n|\n|switch|p2a: Chansey|Chansey, F|76\/100\n|move|p1a: Chansey|Soft-Boiled|p1a: Chansey\n|-heal|p1a: Chansey|100\/100\n|\n|upkeep\n|turn|118\n|inactive|testotesto321 has 120 seconds left.\n|\n|move|p2a: Chansey|Stealth Rock|p1a: Chansey\n|-sidestart|p1: Bhugman|move: Stealth Rock\n|move|p1a: Chansey|Toxic|p2a: Chansey\n|-status|p2a: Chansey|tox\n|\n|-damage|p2a: Chansey|70\/100 tox|[from] psn\n|upkeep\n|turn|119\n|inactive|testotesto321 has 120 seconds left.\n|\n|switch|p1a: Skarmory|Skarmory, F|99\/100\n|-damage|p1a: Skarmory|88\/100|[from] Stealth Rock\n|-curestatus|p2a: Chansey|tox|[from] ability: Natural Cure\n|switch|p2a: Mandibuzz|Mandibuzz, F|74\/100 par\n|\n|-heal|p1a: Skarmory|94\/100|[from] item: Leftovers\n|upkeep\n|turn|120\n|inactive|testotesto321 has 120 seconds left.\n|\n|move|p1a: Skarmory|Defog|p2a: Mandibuzz\n|-unboost|p2a: Mandibuzz|evasion|1\n|-sideend|p1: Bhugman|Stealth Rock|[from] move: Defog|[of] p1a: Skarmory\n|move|p2a: Mandibuzz|U-turn|p1a: Skarmory\n|-resisted|p1a: Skarmory\n|-damage|p1a: Skarmory|92\/100\n|\n|switch|p2a: Cinderace|Cinderace, M|100\/100|[from]move: U-turn\n|\n|-heal|p1a: Skarmory|98\/100|[from] item: Leftovers\n|upkeep\n|turn|121\n|\n|switch|p1a: Pyukumuku|Pyukumuku, M|74\/100\n|move|p2a: Cinderace|U-turn|p1a: Pyukumuku\n|-start|p2a: Cinderace|typechange|Bug|[from] ability: Libero\n|-damage|p1a: Pyukumuku|50\/100\n|inactive|testotesto321 has 120 seconds left.\n|inactive|testotesto321 has 90 seconds left.\n|\n|switch|p2a: Alakazam|Alakazam, F|100\/100|[from]move: U-turn\n|\n|-heal|p1a: Pyukumuku|56\/100|[from] item: Leftovers\n|upkeep\n|turn|122\n|\n|switch|p1a: Chansey|Chansey, F|100\/100\n|move|p2a: Alakazam|Psychic|p1a: Chansey\n|-damage|p1a: Chansey|81\/100\n|\n|upkeep\n|turn|123\n|\n|move|p2a: Alakazam|Focus Blast|p1a: Chansey|[miss]\n|-miss|p2a: Alakazam|p1a: Chansey\n|move|p1a: Chansey|Wish|p1a: Chansey\n|\n|upkeep\n|turn|124\n|\n|switch|p1a: Pyukumuku|Pyukumuku, M|56\/100\n|move|p2a: Alakazam|Psychic|p1a: Pyukumuku\n|-damage|p1a: Pyukumuku|0 fnt\n|faint|p1a: Pyukumuku\n|\n|upkeep\n|\n|switch|p1a: Clefable|Clefable, F|100\/100\n|turn|125\n|\n|switch|p2a: Chansey|Chansey, F|70\/100\n|move|p1a: Clefable|Calm Mind|p1a: Clefable\n|-boost|p1a: Clefable|spa|1\n|-boost|p1a: Clefable|spd|1\n|\n|upkeep\n|turn|126\n|\n|move|p1a: Clefable|Calm Mind|p1a: Clefable\n|-boost|p1a: Clefable|spa|1\n|-boost|p1a: Clefable|spd|1\n|move|p2a: Chansey|Toxic|p1a: Clefable\n|-status|p1a: Clefable|tox\n|\n|-damage|p1a: Clefable|94\/100 tox|[from] psn\n|upkeep\n|turn|127\n|\n|move|p1a: Clefable|Calm Mind|p1a: Clefable\n|-boost|p1a: Clefable|spa|1\n|-boost|p1a: Clefable|spd|1\n|move|p2a: Chansey|Stealth Rock|p1a: Clefable\n|-sidestart|p1: Bhugman|move: Stealth Rock\n|\n|-heal|p1a: Clefable|100\/100 tox|[from] item: Leftovers\n|-damage|p1a: Clefable|88\/100 tox|[from] psn\n|upkeep\n|turn|128\n|\n|move|p1a: Clefable|Calm Mind|p1a: Clefable\n|-boost|p1a: Clefable|spa|1\n|-boost|p1a: Clefable|spd|1\n|move|p2a: Chansey|Seismic Toss|p1a: Clefable\n|-damage|p1a: Clefable|63\/100 tox\n|\n|-heal|p1a: Clefable|69\/100 tox|[from] item: Leftovers\n|-damage|p1a: Clefable|51\/100 tox|[from] psn\n|upkeep\n|turn|129\n|\n|move|p1a: Clefable|Aromatherapy|p1a: Clefable\n|-activate|p1a: Clefable|move: Aromatherapy\n|-curestatus|p1a: Clefable|tox|[msg]\n|move|p2a: Chansey|Seismic Toss|p1a: Clefable\n|-damage|p1a: Clefable|25\/100\n|\n|-heal|p1a: Clefable|31\/100|[from] item: Leftovers\n|upkeep\n|turn|130\n|\n|move|p1a: Clefable|Wish|p1a: Clefable\n|move|p2a: Chansey|Toxic|p1a: Clefable\n|-status|p1a: Clefable|tox\n|\n|-heal|p1a: Clefable|38\/100 tox|[from] item: Leftovers\n|-damage|p1a: Clefable|31\/100 tox|[from] psn\n|upkeep\n|turn|131\n|\n|move|p1a: Clefable|Aromatherapy|p1a: Clefable\n|-activate|p1a: Clefable|move: Aromatherapy\n|-curestatus|p1a: Clefable|tox|[msg]\n|move|p2a: Chansey|Seismic Toss|p1a: Clefable\n|-damage|p1a: Clefable|6\/100\n|\n|-heal|p1a: Clefable|56\/100|[from] move: Wish|[wisher] Clefable\n|-heal|p1a: Clefable|62\/100|[from] item: Leftovers\n|upkeep\n|turn|132\n|\n|move|p1a: Clefable|Wish|p1a: Clefable\n|move|p2a: Chansey|Toxic|p1a: Clefable\n|-status|p1a: Clefable|tox\n|\n|-heal|p1a: Clefable|68\/100 tox|[from] item: Leftovers\n|-damage|p1a: Clefable|62\/100 tox|[from] psn\n|upkeep\n|turn|133\n|\n|move|p1a: Clefable|Aromatherapy|p1a: Clefable\n|-activate|p1a: Clefable|move: Aromatherapy\n|-curestatus|p1a: Clefable|tox|[msg]\n|move|p2a: Chansey|Soft-Boiled|p2a: Chansey\n|-heal|p2a: Chansey|100\/100\n|\n|-heal|p1a: Clefable|100\/100|[from] move: Wish|[wisher] Clefable\n|upkeep\n|turn|134\n|\n|switch|p1a: Skarmory|Skarmory, F|98\/100\n|-damage|p1a: Skarmory|86\/100|[from] Stealth Rock\n|move|p2a: Chansey|Toxic|p1a: Skarmory\n|-immune|p1a: Skarmory\n|\n|-heal|p1a: Skarmory|92\/100|[from] item: Leftovers\n|upkeep\n|turn|135\n|\n|switch|p2a: Alakazam|Alakazam, F|100\/100\n|move|p1a: Skarmory|Defog|p2a: Alakazam\n|-unboost|p2a: Alakazam|evasion|1\n|-sideend|p1: Bhugman|Stealth Rock|[from] move: Defog|[of] p1a: Skarmory\n|\n|-heal|p1a: Skarmory|98\/100|[from] item: Leftovers\n|upkeep\n|turn|136\n|\n|switch|p2a: Cinderace|Cinderace, M|100\/100\n|switch|p1a: Clefable|Clefable, F|100\/100\n|\n|upkeep\n|turn|137\n|\n|move|p2a: Cinderace|U-turn|p1a: Clefable\n|-start|p2a: Cinderace|typechange|Bug|[from] ability: Libero\n|-resisted|p1a: Clefable\n|-crit|p1a: Clefable\n|-damage|p1a: Clefable|74\/100\n|\n|switch|p2a: Chansey|Chansey, F|100\/100|[from]move: U-turn\n|move|p1a: Clefable|Thunderbolt|p2a: Chansey\n|-damage|p2a: Chansey|95\/100\n|\n|-heal|p1a: Clefable|80\/100|[from] item: Leftovers\n|upkeep\n|turn|138\n|\n|switch|p1a: Ferrothorn|Ferrothorn, F|94\/100\n|move|p2a: Chansey|Stealth Rock|p1a: Ferrothorn\n|-sidestart|p1: Bhugman|move: Stealth Rock\n|\n|-heal|p1a: Ferrothorn|100\/100|[from] item: Leftovers\n|upkeep\n|turn|139\n|\n|switch|p2a: Toxapex|Toxapex, F, shiny|100\/100 par\n|move|p1a: Ferrothorn|Knock Off|p2a: Toxapex\n|-damage|p2a: Toxapex|93\/100 par\n|\n|upkeep\n|turn|140\n|\n|switch|p2a: Mandibuzz|Mandibuzz, F|74\/100 par\n|move|p1a: Ferrothorn|Leech Seed|p2a: Mandibuzz\n|-start|p2a: Mandibuzz|move: Leech Seed\n|\n|-damage|p2a: Mandibuzz|61\/100 par|[from] Leech Seed|[of] p1a: Ferrothorn\n|upkeep\n|turn|141\n|\n|switch|p2a: Toxapex|Toxapex, F, shiny|100\/100 par\n|switch|p1a: Skarmory|Skarmory, F|98\/100\n|-damage|p1a: Skarmory|86\/100|[from] Stealth Rock\n|\n|-heal|p1a: Skarmory|92\/100|[from] item: Leftovers\n|upkeep\n|turn|142\n|\n|switch|p2a: Cinderace|Cinderace, M|100\/100\n|move|p1a: Skarmory|Defog|p2a: Cinderace\n|-unboost|p2a: Cinderace|evasion|1\n|-sideend|p1: Bhugman|Stealth Rock|[from] move: Defog|[of] p1a: Skarmory\n|\n|-heal|p1a: Skarmory|98\/100|[from] item: Leftovers\n|upkeep\n|turn|143\n|\n|switch|p1a: Rotom|Rotom-Heat|93\/100\n|move|p2a: Cinderace|Pyro Ball|p1a: Rotom\n|-resisted|p1a: Rotom\n|-damage|p1a: Rotom|54\/100\n|\n|upkeep\n|turn|144\n|\n|move|p2a: Cinderace|Zen Headbutt|p1a: Rotom\n|-start|p2a: Cinderace|typechange|Psychic|[from] ability: Libero\n|-damage|p1a: Rotom|1\/100\n|move|p1a: Rotom|Pain Split|p2a: Cinderace\n|-sethp|p2a: Cinderace|51\/100|[from] move: Pain Split|[silent]\n|-sethp|p1a: Rotom|63\/100|[from] move: Pain Split\n|\n|upkeep\n|turn|145\n|\n|move|p2a: Cinderace|U-turn|p1a: Rotom\n|-start|p2a: Cinderace|typechange|Bug|[from] ability: Libero\n|-resisted|p1a: Rotom\n|-damage|p1a: Rotom|41\/100\n|\n|switch|p2a: Alakazam|Alakazam, F|100\/100|[from]move: U-turn\n|move|p1a: Rotom|Overheat|p2a: Alakazam\n|-damage|p2a: Alakazam|12\/100\n|-unboost|p1a: Rotom|spa|2\n|\n|upkeep\n|turn|146\n|\n|move|p2a: Alakazam|Recover|p2a: Alakazam\n|-heal|p2a: Alakazam|62\/100\n|move|p1a: Rotom|Thunderbolt|p2a: Alakazam\n|-damage|p2a: Alakazam|36\/100\n|-status|p2a: Alakazam|par\n|\n|upkeep\n|turn|147\n|\n|switch|p1a: Chansey|Chansey, F|81\/100\n|move|p2a: Alakazam|Psychic|p1a: Chansey\n|-damage|p1a: Chansey|64\/100\n|\n|upkeep\n|turn|148\n|\n|move|p2a: Alakazam|Recover|p2a: Alakazam\n|-heal|p2a: Alakazam|86\/100 par\n|move|p1a: Chansey|Soft-Boiled|p1a: Chansey\n|-heal|p1a: Chansey|100\/100\n|\n|upkeep\n|turn|149\n|\n|switch|p2a: Chansey|Chansey, F|95\/100\n|move|p1a: Chansey|Wish|p1a: Chansey\n|\n|upkeep\n|turn|150\n|\n|switch|p1a: Rotom|Rotom-Heat|41\/100\n|move|p2a: Chansey|Stealth Rock|p1a: Rotom\n|-sidestart|p1: Bhugman|move: Stealth Rock\n|\n|-heal|p1a: Rotom|100\/100|[from] move: Wish|[wisher] Chansey\n|upkeep\n|turn|151\n|\n|switch|p1a: Skarmory|Skarmory, F|98\/100\n|-damage|p1a: Skarmory|86\/100|[from] Stealth Rock\n|move|p2a: Chansey|Toxic|p1a: Skarmory\n|-immune|p1a: Skarmory\n|\n|-heal|p1a: Skarmory|92\/100|[from] item: Leftovers\n|upkeep\n|turn|152\n|\n|switch|p2a: Cinderace|Cinderace, M|51\/100\n|move|p1a: Skarmory|Defog|p2a: Cinderace\n|-unboost|p2a: Cinderace|evasion|1\n|-sideend|p1: Bhugman|Stealth Rock|[from] move: Defog|[of] p1a: Skarmory\n|\n|-heal|p1a: Skarmory|98\/100|[from] item: Leftovers\n|upkeep\n|turn|153\n|\n|switch|p1a: Rotom|Rotom-Heat|100\/100\n|move|p2a: Cinderace|Pyro Ball|p1a: Rotom\n|-resisted|p1a: Rotom\n|-damage|p1a: Rotom|60\/100\n|\n|upkeep\n|turn|154\n|\n|move|p2a: Cinderace|Zen Headbutt|p1a: Rotom\n|-start|p2a: Cinderace|typechange|Psychic|[from] ability: Libero\n|-damage|p1a: Rotom|6\/100\n|move|p1a: Rotom|Thunderbolt|p2a: Cinderace\n|-damage|p2a: Cinderace|0 fnt\n|faint|p2a: Cinderace\n|\n|upkeep\n|\n|switch|p2a: Urshifu|Urshifu, F|100\/100\n|turn|155\n|\n|switch|p1a: Ferrothorn|Ferrothorn, F|100\/100\n|move|p2a: Urshifu|Wicked Blow|p1a: Ferrothorn\n|-crit|p1a: Ferrothorn\n|-damage|p1a: Ferrothorn|62\/100\n|-damage|p2a: Urshifu|88\/100|[from] ability: Iron Barbs|[of] p1a: Ferrothorn\n|\n|-heal|p1a: Ferrothorn|68\/100|[from] item: Leftovers\n|upkeep\n|turn|156\n|\n|switch|p2a: Toxapex|Toxapex, F, shiny|100\/100 par\n|move|p1a: Ferrothorn|Leech Seed|p2a: Toxapex\n|-start|p2a: Toxapex|move: Leech Seed\n|\n|-heal|p1a: Ferrothorn|75\/100|[from] item: Leftovers\n|-damage|p2a: Toxapex|88\/100 par|[from] Leech Seed|[of] p1a: Ferrothorn\n|-heal|p1a: Ferrothorn|85\/100|[silent]\n|upkeep\n|turn|157\n|\n|switch|p2a: Urshifu|Urshifu, F|88\/100\n|move|p1a: Ferrothorn|Knock Off|p2a: Urshifu\n|-resisted|p2a: Urshifu\n|-damage|p2a: Urshifu|83\/100\n|-enditem|p2a: Urshifu|Choice Scarf|[from] move: Knock Off|[of] p1a: Ferrothorn\n|\n|-heal|p1a: Ferrothorn|92\/100|[from] item: Leftovers\n|upkeep\n|turn|158\n|\n|move|p2a: Urshifu|Close Combat|p1a: Ferrothorn\n|-supereffective|p1a: Ferrothorn\n|-damage|p1a: Ferrothorn|24\/100\n|-unboost|p2a: Urshifu|def|1\n|-unboost|p2a: Urshifu|spd|1\n|-damage|p2a: Urshifu|70\/100|[from] ability: Iron Barbs|[of] p1a: Ferrothorn\n|move|p1a: Ferrothorn|Leech Seed|p2a: Urshifu\n|-start|p2a: Urshifu|move: Leech Seed\n|\n|-heal|p1a: Ferrothorn|30\/100|[from] item: Leftovers\n|-damage|p2a: Urshifu|58\/100|[from] Leech Seed|[of] p1a: Ferrothorn\n|-heal|p1a: Ferrothorn|42\/100|[silent]\n|upkeep\n|turn|159\n|\n|switch|p2a: Alakazam|Alakazam, F|86\/100 par\n|switch|p1a: Skarmory|Skarmory, F|98\/100\n|\n|-heal|p1a: Skarmory|100\/100|[from] item: Leftovers\n|upkeep\n|turn|160\n|\n|switch|p2a: Urshifu|Urshifu, F|58\/100\n|switch|p1a: Chansey|Chansey, F|100\/100\n|\n|upkeep\n|turn|161\n|\n|switch|p1a: Skarmory|Skarmory, F|100\/100\n|move|p2a: Urshifu|Close Combat|p1a: Skarmory\n|-damage|p1a: Skarmory|67\/100\n|-unboost|p2a: Urshifu|def|1\n|-unboost|p2a: Urshifu|spd|1\n|\n|-heal|p1a: Skarmory|73\/100|[from] item: Leftovers\n|upkeep\n|turn|162\n|\n|move|p2a: Urshifu|U-turn|p1a: Skarmory\n|-resisted|p1a: Skarmory\n|-damage|p1a: Skarmory|69\/100\n|\n|switch|p2a: Alakazam|Alakazam, F|86\/100 par|[from]move: U-turn\n|move|p1a: Skarmory|Body Press|p2a: Alakazam\n|-resisted|p2a: Alakazam\n|-damage|p2a: Alakazam|46\/100 par\n|\n|-heal|p1a: Skarmory|75\/100|[from] item: Leftovers\n|upkeep\n|turn|163\n|\n|move|p2a: Alakazam|Focus Blast|p1a: Skarmory\n|-damage|p1a: Skarmory|4\/100\n|move|p1a: Skarmory|Roost|p1a: Skarmory\n|-heal|p1a: Skarmory|54\/100\n|-singleturn|p1a: Skarmory|move: Roost\n|\n|-heal|p1a: Skarmory|60\/100|[from] item: Leftovers\n|upkeep\n|turn|164\n|\n|switch|p1a: Clefable|Clefable, F|80\/100\n|move|p2a: Alakazam|Focus Blast|p1a: Clefable|[miss]\n|-miss|p2a: Alakazam|p1a: Clefable\n|\n|-heal|p1a: Clefable|86\/100|[from] item: Leftovers\n|upkeep\n|turn|165\n|\n|move|p2a: Alakazam|Psychic|p1a: Clefable\n|-damage|p1a: Clefable|45\/100\n|move|p1a: Clefable|Calm Mind|p1a: Clefable\n|-boost|p1a: Clefable|spa|1\n|-boost|p1a: Clefable|spd|1\n|\n|-heal|p1a: Clefable|52\/100|[from] item: Leftovers\n|upkeep\n|turn|166\n|\n|switch|p2a: Chansey|Chansey, F|95\/100\n|switch|p1a: Chansey|Chansey, F|100\/100\n|\n|upkeep\n|turn|167\n|\n|switch|p2a: Mandibuzz|Mandibuzz, F|61\/100 par\n|move|p1a: Chansey|Wish|p1a: Chansey\n|\n|upkeep\n|turn|168\n|\n|switch|p1a: Clefable|Clefable, F|52\/100\n|cant|p2a: Mandibuzz|par\n|\n|-heal|p1a: Clefable|100\/100|[from] move: Wish|[wisher] Chansey\n|upkeep\n|turn|169\n|\n|move|p1a: Clefable|Thunderbolt|p2a: Mandibuzz\n|-supereffective|p2a: Mandibuzz\n|-damage|p2a: Mandibuzz|26\/100 par\n|cant|p2a: Mandibuzz|par\n|\n|upkeep\n|turn|170\n|\n|switch|p2a: Chansey|Chansey, F|95\/100\n|move|p1a: Clefable|Thunderbolt|p2a: Chansey\n|-damage|p2a: Chansey|89\/100\n|\n|upkeep\n|turn|171\n|\n|switch|p1a: Skarmory|Skarmory, F|60\/100\n|move|p2a: Chansey|Seismic Toss|p1a: Skarmory\n|-damage|p1a: Skarmory|30\/100\n|\n|-heal|p1a: Skarmory|36\/100|[from] item: Leftovers\n|upkeep\n|turn|172\n|\n|move|p1a: Skarmory|Roost|p1a: Skarmory\n|-heal|p1a: Skarmory|86\/100\n|-singleturn|p1a: Skarmory|move: Roost\n|move|p2a: Chansey|Seismic Toss|p1a: Skarmory\n|-damage|p1a: Skarmory|56\/100\n|\n|-heal|p1a: Skarmory|62\/100|[from] item: Leftovers\n|upkeep\n|turn|173\n|\n|switch|p2a: Mandibuzz|Mandibuzz, F|26\/100 par\n|move|p1a: Skarmory|Roost|p1a: Skarmory\n|-heal|p1a: Skarmory|100\/100\n|-singleturn|p1a: Skarmory|move: Roost\n|\n|upkeep\n|turn|174\n|\n|move|p1a: Skarmory|Stealth Rock|p2a: Mandibuzz\n|-sidestart|p2: testotesto321|move: Stealth Rock\n|cant|p2a: Mandibuzz|par\n|\n|upkeep\n|turn|175\n|\n|move|p1a: Skarmory|Body Press|p2a: Mandibuzz\n|-damage|p2a: Mandibuzz|7\/100 par\n|move|p2a: Mandibuzz|Roost|p2a: Mandibuzz\n|-heal|p2a: Mandibuzz|57\/100 par\n|-singleturn|p2a: Mandibuzz|move: Roost\n|\n|upkeep\n|turn|176\n|\n|switch|p1a: Chansey|Chansey, F|100\/100\n|switch|p2a: Toxapex|Toxapex, F, shiny|100\/100 par\n|-damage|p2a: Toxapex|88\/100 par|[from] Stealth Rock\n|\n|upkeep\n|turn|177\n|\n|move|p1a: Chansey|Wish|p1a: Chansey\n|move|p2a: Toxapex|Toxic|p1a: Chansey\n|-status|p1a: Chansey|tox\n|\n|-damage|p1a: Chansey|94\/100 tox|[from] psn\n|upkeep\n|turn|178\n|\n|-curestatus|p1a: Chansey|tox|[from] ability: Natural Cure\n|switch|p1a: Ferrothorn|Ferrothorn, F|42\/100\n|move|p2a: Toxapex|Scald|p1a: Ferrothorn\n|-resisted|p1a: Ferrothorn\n|-damage|p1a: Ferrothorn|34\/100\n|-status|p1a: Ferrothorn|brn\n|\n|-heal|p1a: Ferrothorn|100\/100 brn|[from] move: Wish|[wisher] Chansey\n|-damage|p1a: Ferrothorn|94\/100 brn|[from] brn\n|upkeep\n|turn|179\n|\n|move|p1a: Ferrothorn|Leech Seed|p2a: Toxapex\n|-start|p2a: Toxapex|move: Leech Seed\n|move|p2a: Toxapex|Recover|p2a: Toxapex\n|-heal|p2a: Toxapex|100\/100 par\n|\n|-heal|p1a: Ferrothorn|100\/100 brn|[from] item: Leftovers\n|-damage|p2a: Toxapex|88\/100 par|[from] Leech Seed|[of] p1a: Ferrothorn\n|-damage|p1a: Ferrothorn|94\/100 brn|[from] brn\n|upkeep\n|turn|180\n|\n|switch|p2a: Mandibuzz|Mandibuzz, F|57\/100 par\n|-damage|p2a: Mandibuzz|32\/100 par|[from] Stealth Rock\n|move|p1a: Ferrothorn|Knock Off|p2a: Mandibuzz\n|-resisted|p2a: Mandibuzz\n|-damage|p2a: Mandibuzz|30\/100 par\n|\n|-heal|p1a: Ferrothorn|100\/100 brn|[from] item: Leftovers\n|-damage|p1a: Ferrothorn|94\/100 brn|[from] brn\n|upkeep\n|turn|181\n|\n|move|p2a: Mandibuzz|Roost|p2a: Mandibuzz\n|-heal|p2a: Mandibuzz|80\/100 par\n|-singleturn|p2a: Mandibuzz|move: Roost\n|move|p1a: Ferrothorn|Body Press|p2a: Mandibuzz\n|-supereffective|p2a: Mandibuzz\n|-damage|p2a: Mandibuzz|63\/100 par\n|\n|-heal|p1a: Ferrothorn|100\/100 brn|[from] item: Leftovers\n|-damage|p1a: Ferrothorn|94\/100 brn|[from] brn\n|upkeep\n|turn|182\n|\n|switch|p1a: Clefable|Clefable, F|100\/100\n|cant|p2a: Mandibuzz|par\n|\n|upkeep\n|turn|183\n|\n|switch|p2a: Chansey|Chansey, F|89\/100\n|-damage|p2a: Chansey|77\/100|[from] Stealth Rock\n|move|p1a: Clefable|Calm Mind|p1a: Clefable\n|-boost|p1a: Clefable|spa|1\n|-boost|p1a: Clefable|spd|1\n|\n|upkeep\n|turn|184\n|\n|switch|p1a: Skarmory|Skarmory, F|100\/100\n|switch|p2a: Mandibuzz|Mandibuzz, F|63\/100 par\n|-damage|p2a: Mandibuzz|39\/100 par|[from] Stealth Rock\n|\n|upkeep\n|turn|185\n|\n|switch|p1a: Clefable|Clefable, F|100\/100\n|move|p2a: Mandibuzz|Roost|p2a: Mandibuzz\n|-heal|p2a: Mandibuzz|89\/100 par\n|-singleturn|p2a: Mandibuzz|move: Roost\n|\n|upkeep\n|turn|186\n|\n|move|p1a: Clefable|Calm Mind|p1a: Clefable\n|-boost|p1a: Clefable|spa|1\n|-boost|p1a: Clefable|spd|1\n|move|p2a: Mandibuzz|Defog|p1a: Clefable\n|-unboost|p1a: Clefable|evasion|1\n|-sideend|p2: testotesto321|Stealth Rock|[from] move: Defog|[of] p2a: Mandibuzz\n|\n|upkeep\n|turn|187\n|\n|switch|p2a: Chansey|Chansey, F|77\/100\n|move|p1a: Clefable|Thunderbolt|p2a: Chansey\n|-damage|p2a: Chansey|68\/100\n|\n|upkeep\n|turn|188\n|\n|switch|p1a: Ferrothorn|Ferrothorn, F|94\/100 brn\n|move|p2a: Chansey|Stealth Rock|p1a: Ferrothorn\n|-sidestart|p1: Bhugman|move: Stealth Rock\n|\n|-heal|p1a: Ferrothorn|100\/100 brn|[from] item: Leftovers\n|-damage|p1a: Ferrothorn|94\/100 brn|[from] brn\n|upkeep\n|turn|189\n|\n|switch|p2a: Toxapex|Toxapex, F, shiny|100\/100 par\n|switch|p1a: Skarmory|Skarmory, F|100\/100\n|-damage|p1a: Skarmory|88\/100|[from] Stealth Rock\n|\n|-heal|p1a: Skarmory|94\/100|[from] item: Leftovers\n|upkeep\n|turn|190\n|\n|switch|p2a: Alakazam|Alakazam, F|46\/100 par\n|move|p1a: Skarmory|Defog|p2a: Alakazam\n|-unboost|p2a: Alakazam|evasion|1\n|-sideend|p1: Bhugman|Stealth Rock|[from] move: Defog|[of] p1a: Skarmory\n|\n|-heal|p1a: Skarmory|99\/100|[from] item: Leftovers\n|upkeep\n|turn|191\n|\n|move|p2a: Alakazam|Recover|p2a: Alakazam\n|-heal|p2a: Alakazam|96\/100 par\n|move|p1a: Skarmory|Body Press|p2a: Alakazam\n|-resisted|p2a: Alakazam\n|-damage|p2a: Alakazam|57\/100 par\n|\n|-heal|p1a: Skarmory|100\/100|[from] item: Leftovers\n|upkeep\n|turn|192\n|\n|switch|p1a: Chansey|Chansey, F|94\/100\n|move|p2a: Alakazam|Shadow Ball|p1a: Chansey\n|-immune|p1a: Chansey\n|\n|upkeep\n|turn|193\n|\n|move|p2a: Alakazam|Recover|p2a: Alakazam\n|-heal|p2a: Alakazam|100\/100 par\n|move|p1a: Chansey|Seismic Toss|p2a: Alakazam\n|-damage|p2a: Alakazam|61\/100 par\n|\n|upkeep\n|turn|194\n|\n|switch|p2a: Chansey|Chansey, F|68\/100\n|move|p1a: Chansey|Seismic Toss|p2a: Chansey\n|-damage|p2a: Chansey|54\/100\n|\n|upkeep\n|turn|195\n|\n|move|p1a: Chansey|Toxic|p2a: Chansey\n|-status|p2a: Chansey|tox\n|move|p2a: Chansey|Soft-Boiled|p2a: Chansey\n|-heal|p2a: Chansey|100\/100 tox\n|\n|-damage|p2a: Chansey|94\/100 tox|[from] psn\n|upkeep\n|turn|196\n|\n|switch|p1a: Skarmory|Skarmory, F|100\/100\n|-curestatus|p2a: Chansey|tox|[from] ability: Natural Cure\n|switch|p2a: Toxapex|Toxapex, F, shiny|100\/100 par\n|\n|upkeep\n|turn|197\n|\n|move|p1a: Skarmory|Stealth Rock|p2a: Toxapex\n|-sidestart|p2: testotesto321|move: Stealth Rock\n|move|p2a: Toxapex|Scald|p1a: Skarmory\n|-damage|p1a: Skarmory|78\/100\n|\n|-heal|p1a: Skarmory|84\/100|[from] item: Leftovers\n|upkeep\n|turn|198\n|\n|switch|p1a: Ferrothorn|Ferrothorn, F|94\/100 brn\n|cant|p2a: Toxapex|par\n|\n|-heal|p1a: Ferrothorn|100\/100 brn|[from] item: Leftovers\n|-damage|p1a: Ferrothorn|94\/100 brn|[from] brn\n|upkeep\n|turn|199\n|\n|switch|p2a: Mandibuzz|Mandibuzz, F|89\/100 par\n|-damage|p2a: Mandibuzz|64\/100 par|[from] Stealth Rock\n|move|p1a: Ferrothorn|Knock Off|p2a: Mandibuzz\n|-resisted|p2a: Mandibuzz\n|-damage|p2a: Mandibuzz|62\/100 par\n|\n|-heal|p1a: Ferrothorn|100\/100 brn|[from] item: Leftovers\n|-damage|p1a: Ferrothorn|94\/100 brn|[from] brn\n|upkeep\n|turn|200\n|\n|switch|p1a: Skarmory|Skarmory, F|84\/100\n|move|p2a: Mandibuzz|Roost|p2a: Mandibuzz\n|-heal|p2a: Mandibuzz|100\/100 par\n|-singleturn|p2a: Mandibuzz|move: Roost\n|\n|-heal|p1a: Skarmory|90\/100|[from] item: Leftovers\n|upkeep\n|turn|201\n|\n|switch|p1a: Clefable|Clefable, F|100\/100\n|move|p2a: Mandibuzz|Defog|p1a: Clefable\n|-unboost|p1a: Clefable|evasion|1\n|-sideend|p2: testotesto321|Stealth Rock|[from] move: Defog|[of] p2a: Mandibuzz\n|\n|upkeep\n|turn|202\n|\n|switch|p2a: Chansey|Chansey, F|94\/100\n|move|p1a: Clefable|Calm Mind|p1a: Clefable\n|-boost|p1a: Clefable|spa|1\n|-boost|p1a: Clefable|spd|1\n|\n|upkeep\n|turn|203\n|inactive|Bhugman has 120 seconds left.\n|\n|switch|p1a: Ferrothorn|Ferrothorn, F|94\/100 brn\n|move|p2a: Chansey|Toxic||[still]\n|-fail|p2a: Chansey\n|\n|-heal|p1a: Ferrothorn|100\/100 brn|[from] item: Leftovers\n|-damage|p1a: Ferrothorn|94\/100 brn|[from] brn\n|upkeep\n|turn|204\n|inactive|Bhugman has 120 seconds left.\n|inactive|testotesto321 has 120 seconds left.\n|\n|switch|p2a: Mandibuzz|Mandibuzz, F|100\/100 par\n|move|p1a: Ferrothorn|Knock Off|p2a: Mandibuzz\n|-resisted|p2a: Mandibuzz\n|-damage|p2a: Mandibuzz|98\/100 par\n|\n|-heal|p1a: Ferrothorn|100\/100 brn|[from] item: Leftovers\n|-damage|p1a: Ferrothorn|94\/100 brn|[from] brn\n|upkeep\n|turn|205\n|\n|switch|p2a: Alakazam|Alakazam, F|61\/100 par\n|switch|p1a: Skarmory|Skarmory, F|90\/100\n|\n|-heal|p1a: Skarmory|96\/100|[from] item: Leftovers\n|upkeep\n|turn|206\n|\n|switch|p1a: Chansey|Chansey, F|94\/100\n|move|p2a: Alakazam|Shadow Ball|p1a: Chansey\n|-immune|p1a: Chansey\n|\n|upkeep\n|turn|207\n|\n|switch|p2a: Toxapex|Toxapex, F, shiny|100\/100 par\n|switch|p1a: Clefable|Clefable, F|100\/100\n|\n|upkeep\n|turn|208\n|\n|move|p1a: Clefable|Thunderbolt|p2a: Toxapex\n|-supereffective|p2a: Toxapex\n|-damage|p2a: Toxapex|70\/100 par\n|move|p2a: Toxapex|Toxic|p1a: Clefable\n|-status|p1a: Clefable|tox\n|\n|-damage|p1a: Clefable|94\/100 tox|[from] psn\n|upkeep\n|turn|209\n|inactive|testotesto321 has 90 seconds left.\n|\n|switch|p1a: Chansey|Chansey, F|94\/100\n|switch|p2a: Chansey|Chansey, F|94\/100\n|\n|upkeep\n|turn|210\n|\n|switch|p1a: Skarmory|Skarmory, F|96\/100\n|switch|p2a: Toxapex|Toxapex, F, shiny|100\/100 par\n|\n|-heal|p1a: Skarmory|100\/100|[from] item: Leftovers\n|upkeep\n|turn|211\n|\n|switch|p2a: Mandibuzz|Mandibuzz, F|98\/100 par\n|move|p1a: Skarmory|Stealth Rock|p2a: Mandibuzz\n|-sidestart|p2: testotesto321|move: Stealth Rock\n|\n|upkeep\n|turn|212\n|\n|switch|p1a: Ferrothorn|Ferrothorn, F|94\/100 brn\n|move|p2a: Mandibuzz|Defog|p1a: Ferrothorn\n|-unboost|p1a: Ferrothorn|evasion|1\n|-sideend|p2: testotesto321|Stealth Rock|[from] move: Defog|[of] p2a: Mandibuzz\n|\n|-heal|p1a: Ferrothorn|100\/100 brn|[from] item: Leftovers\n|-damage|p1a: Ferrothorn|94\/100 brn|[from] brn\n|upkeep\n|turn|213\n|\n|switch|p2a: Toxapex|Toxapex, F, shiny|100\/100 par\n|switch|p1a: Skarmory|Skarmory, F|100\/100\n|\n|upkeep\n|turn|214\n|\n|switch|p2a: Mandibuzz|Mandibuzz, F|98\/100 par\n|move|p1a: Skarmory|Stealth Rock|p2a: Mandibuzz\n|-sidestart|p2: testotesto321|move: Stealth Rock\n|\n|upkeep\n|turn|215\n|\n|switch|p1a: Clefable|Clefable, F|94\/100 tox\n|cant|p2a: Mandibuzz|par\n|\n|-heal|p1a: Clefable|100\/100 tox|[from] item: Leftovers\n|-damage|p1a: Clefable|94\/100 tox|[from] psn\n|upkeep\n|turn|216\n|\n|move|p1a: Clefable|Aromatherapy|p1a: Clefable\n|-activate|p1a: Clefable|move: Aromatherapy\n|-curestatus|p1a: Clefable|tox|[msg]\n|-curestatus|p1: Ferrothorn|brn|[msg]\n|move|p2a: Mandibuzz|Defog|p1a: Clefable\n|-unboost|p1a: Clefable|evasion|1\n|-sideend|p2: testotesto321|Stealth Rock|[from] move: Defog|[of] p2a: Mandibuzz\n|\n|-heal|p1a: Clefable|100\/100|[from] item: Leftovers\n|upkeep\n|turn|217\n|\n|switch|p1a: Skarmory|Skarmory, F|100\/100\n|switch|p2a: Toxapex|Toxapex, F, shiny|100\/100 par\n|\n|upkeep\n|turn|218\n|\n|switch|p2a: Mandibuzz|Mandibuzz, F|98\/100 par\n|move|p1a: Skarmory|Stealth Rock|p2a: Mandibuzz\n|-sidestart|p2: testotesto321|move: Stealth Rock\n|\n|upkeep\n|turn|219\n|\n|switch|p1a: Ferrothorn|Ferrothorn, F|94\/100\n|cant|p2a: Mandibuzz|par\n|\n|-heal|p1a: Ferrothorn|100\/100|[from] item: Leftovers\n|upkeep\n|turn|220\n|\n|switch|p1a: Skarmory|Skarmory, F|100\/100\n|cant|p2a: Mandibuzz|par\n|\n|upkeep\n|turn|221\n|\n|switch|p1a: Ferrothorn|Ferrothorn, F|100\/100\n|cant|p2a: Mandibuzz|par\n|\n|upkeep\n|turn|222\n|\n|switch|p1a: Skarmory|Skarmory, F|100\/100\n|move|p2a: Mandibuzz|Defog|p1a: Skarmory\n|-unboost|p1a: Skarmory|evasion|1\n|-sideend|p2: testotesto321|Stealth Rock|[from] move: Defog|[of] p2a: Mandibuzz\n|\n|upkeep\n|turn|223\n|inactive|Bhugman has 90 seconds left.\n|\n|move|p1a: Skarmory|Stealth Rock|p2a: Mandibuzz\n|-sidestart|p2: testotesto321|move: Stealth Rock\n|move|p2a: Mandibuzz|Foul Play|p1a: Skarmory\n|-damage|p1a: Skarmory|86\/100\n|\n|-heal|p1a: Skarmory|92\/100|[from] item: Leftovers\n|upkeep\n|turn|224\n|\n|switch|p1a: Clefable|Clefable, F|100\/100\n|cant|p2a: Mandibuzz|par\n|\n|upkeep\n|turn|225\n|\n|move|p1a: Clefable|Thunderbolt|p2a: Mandibuzz\n|-supereffective|p2a: Mandibuzz\n|-damage|p2a: Mandibuzz|66\/100 par\n|move|p2a: Mandibuzz|Defog|p1a: Clefable\n|-unboost|p1a: Clefable|evasion|1\n|-sideend|p2: testotesto321|Stealth Rock|[from] move: Defog|[of] p2a: Mandibuzz\n|\n|upkeep\n|turn|226\n|\n|switch|p1a: Skarmory|Skarmory, F|92\/100\n|switch|p2a: Chansey|Chansey, F|94\/100\n|\n|-heal|p1a: Skarmory|98\/100|[from] item: Leftovers\n|upkeep\n|turn|227\n|\n|move|p1a: Skarmory|Stealth Rock|p2a: Chansey\n|-sidestart|p2: testotesto321|move: Stealth Rock\n|move|p2a: Chansey|Stealth Rock|p1a: Skarmory\n|-sidestart|p1: Bhugman|move: Stealth Rock\n|\n|-heal|p1a: Skarmory|100\/100|[from] item: Leftovers\n|upkeep\n|turn|228\n|\n|switch|p2a: Toxapex|Toxapex, F, shiny|100\/100 par\n|-damage|p2a: Toxapex|88\/100 par|[from] Stealth Rock\n|move|p1a: Skarmory|Body Press|p2a: Toxapex\n|-resisted|p2a: Toxapex\n|-damage|p2a: Toxapex|79\/100 par\n|\n|upkeep\n|turn|229\n|inactive|Bhugman has 60 seconds left.\n|\n|switch|p1a: Ferrothorn|Ferrothorn, F|100\/100\n|-damage|p1a: Ferrothorn|94\/100|[from] Stealth Rock\n|move|p2a: Toxapex|Scald|p1a: Ferrothorn\n|-resisted|p1a: Ferrothorn\n|-damage|p1a: Ferrothorn|88\/100\n|\n|-heal|p1a: Ferrothorn|94\/100|[from] item: Leftovers\n|upkeep\n|turn|230\n|\n|move|p1a: Ferrothorn|Leech Seed|p2a: Toxapex\n|-start|p2a: Toxapex|move: Leech Seed\n|move|p2a: Toxapex|Scald|p1a: Ferrothorn\n|-resisted|p1a: Ferrothorn\n|-damage|p1a: Ferrothorn|87\/100\n|\n|-heal|p1a: Ferrothorn|93\/100|[from] item: Leftovers\n|-damage|p2a: Toxapex|66\/100 par|[from] Leech Seed|[of] p1a: Ferrothorn\n|-heal|p1a: Ferrothorn|100\/100|[silent]\n|upkeep\n|turn|231\n|inactive|testotesto321 has 60 seconds left.\n|\n|move|p1a: Ferrothorn|Knock Off|p2a: Toxapex\n|-damage|p2a: Toxapex|57\/100 par\n|cant|p2a: Toxapex|par\n|\n|-damage|p2a: Toxapex|45\/100 par|[from] Leech Seed|[of] p1a: Ferrothorn\n|upkeep\n|turn|232\n|inactive|testotesto321 has 60 seconds left.\n|\n|move|p1a: Ferrothorn|Knock Off|p2a: Toxapex\n|-damage|p2a: Toxapex|36\/100 par\n|move|p2a: Toxapex|Recover|p2a: Toxapex\n|-heal|p2a: Toxapex|86\/100 par\n|\n|-damage|p2a: Toxapex|74\/100 par|[from] Leech Seed|[of] p1a: Ferrothorn\n|upkeep\n|turn|233\n|\n|move|p1a: Ferrothorn|Knock Off|p2a: Toxapex\n|-damage|p2a: Toxapex|64\/100 par\n|cant|p2a: Toxapex|par\n|\n|-damage|p2a: Toxapex|52\/100 par|[from] Leech Seed|[of] p1a: Ferrothorn\n|upkeep\n|turn|234\n|\n|move|p1a: Ferrothorn|Knock Off|p2a: Toxapex\n|-damage|p2a: Toxapex|43\/100 par\n|move|p2a: Toxapex|Recover|p2a: Toxapex\n|-heal|p2a: Toxapex|93\/100 par\n|\n|-damage|p2a: Toxapex|81\/100 par|[from] Leech Seed|[of] p1a: Ferrothorn\n|upkeep\n|turn|235\n|\n|switch|p2a: Mandibuzz|Mandibuzz, F|66\/100 par\n|-damage|p2a: Mandibuzz|41\/100 par|[from] Stealth Rock\n|move|p1a: Ferrothorn|Knock Off|p2a: Mandibuzz\n|-resisted|p2a: Mandibuzz\n|-damage|p2a: Mandibuzz|37\/100 par\n|\n|upkeep\n|turn|236\n|\n|move|p2a: Mandibuzz|Roost|p2a: Mandibuzz\n|-heal|p2a: Mandibuzz|87\/100 par\n|-singleturn|p2a: Mandibuzz|move: Roost\n|move|p1a: Ferrothorn|Leech Seed|p2a: Mandibuzz\n|-start|p2a: Mandibuzz|move: Leech Seed\n|\n|-damage|p2a: Mandibuzz|75\/100 par|[from] Leech Seed|[of] p1a: Ferrothorn\n|upkeep\n|turn|237\n|\n|move|p2a: Mandibuzz|Defog|p1a: Ferrothorn\n|-unboost|p1a: Ferrothorn|evasion|1\n|-sideend|p1: Bhugman|Stealth Rock|[from] move: Defog|[of] p2a: Mandibuzz\n|-sideend|p2: testotesto321|Stealth Rock|[from] move: Defog|[of] p2a: Mandibuzz\n|move|p1a: Ferrothorn|Body Press|p2a: Mandibuzz\n|-damage|p2a: Mandibuzz|56\/100 par\n|\n|-damage|p2a: Mandibuzz|44\/100 par|[from] Leech Seed|[of] p1a: Ferrothorn\n|upkeep\n|turn|238\n|\n|switch|p2a: Toxapex|Toxapex, F, shiny|100\/100 par\n|switch|p1a: Skarmory|Skarmory, F|100\/100\n|\n|upkeep\n|turn|239\n|\n|switch|p2a: Mandibuzz|Mandibuzz, F|44\/100 par\n|move|p1a: Skarmory|Stealth Rock|p2a: Mandibuzz\n|-sidestart|p2: testotesto321|move: Stealth Rock\n|\n|upkeep\n|turn|240\n|\n|switch|p1a: Clefable|Clefable, F|100\/100\n|cant|p2a: Mandibuzz|par\n|\n|upkeep\n|turn|241\n|\n|switch|p2a: Chansey|Chansey, F|94\/100\n|-damage|p2a: Chansey|82\/100|[from] Stealth Rock\n|move|p1a: Clefable|Thunderbolt|p2a: Chansey\n|-damage|p2a: Chansey|76\/100\n|\n|upkeep\n|turn|242\n|\n|switch|p1a: Skarmory|Skarmory, F|100\/100\n|move|p2a: Chansey|Stealth Rock|p1a: Skarmory\n|-sidestart|p1: Bhugman|move: Stealth Rock\n|\n|upkeep\n|turn|243\n|\n|switch|p2a: Toxapex|Toxapex, F, shiny|100\/100 par\n|-damage|p2a: Toxapex|88\/100 par|[from] Stealth Rock\n|move|p1a: Skarmory|Body Press|p2a: Toxapex\n|-resisted|p2a: Toxapex\n|-damage|p2a: Toxapex|79\/100 par\n|\n|upkeep\n|turn|244\n|\n|switch|p1a: Ferrothorn|Ferrothorn, F|100\/100\n|-damage|p1a: Ferrothorn|94\/100|[from] Stealth Rock\n|move|p2a: Toxapex|Scald|p1a: Ferrothorn\n|-resisted|p1a: Ferrothorn\n|-damage|p1a: Ferrothorn|87\/100\n|-status|p1a: Ferrothorn|brn\n|\n|-heal|p1a: Ferrothorn|93\/100 brn|[from] item: Leftovers\n|-damage|p1a: Ferrothorn|87\/100 brn|[from] brn\n|upkeep\n|turn|245\n|\n|move|p1a: Ferrothorn|Leech Seed|p2a: Toxapex\n|-start|p2a: Toxapex|move: Leech Seed\n|move|p2a: Toxapex|Haze|p2a: Toxapex\n|-clearallboost\n|\n|-heal|p1a: Ferrothorn|93\/100 brn|[from] item: Leftovers\n|-damage|p2a: Toxapex|66\/100 par|[from] Leech Seed|[of] p1a: Ferrothorn\n|-heal|p1a: Ferrothorn|100\/100 brn|[silent]\n|-damage|p1a: Ferrothorn|94\/100 brn|[from] brn\n|upkeep\n|turn|246\n|\n|move|p1a: Ferrothorn|Thunder Wave|p2a: Toxapex\n|-fail|p2a: Toxapex|par\n|move|p2a: Toxapex|Scald|p1a: Ferrothorn\n|-resisted|p1a: Ferrothorn\n|-damage|p1a: Ferrothorn|87\/100 brn\n|\n|-heal|p1a: Ferrothorn|93\/100 brn|[from] item: Leftovers\n|-damage|p2a: Toxapex|54\/100 par|[from] Leech Seed|[of] p1a: Ferrothorn\n|-heal|p1a: Ferrothorn|100\/100 brn|[silent]\n|-damage|p1a: Ferrothorn|94\/100 brn|[from] brn\n|upkeep\n|turn|247\n|inactive|testotesto321 has 30 seconds left.\n|\n|move|p1a: Ferrothorn|Thunder Wave|p2a: Toxapex\n|-fail|p2a: Toxapex|par\n|cant|p2a: Toxapex|par\n|\n|-heal|p1a: Ferrothorn|100\/100 brn|[from] item: Leftovers\n|-damage|p2a: Toxapex|41\/100 par|[from] Leech Seed|[of] p1a: Ferrothorn\n|-damage|p1a: Ferrothorn|94\/100 brn|[from] brn\n|upkeep\n|turn|248\n|inactive|testotesto321 has 30 seconds left.\n|\n|move|p1a: Ferrothorn|Thunder Wave|p2a: Toxapex\n|-fail|p2a: Toxapex|par\n|move|p2a: Toxapex|Recover|p2a: Toxapex\n|-heal|p2a: Toxapex|91\/100 par\n|\n|-heal|p1a: Ferrothorn|100\/100 brn|[from] item: Leftovers\n|-damage|p2a: Toxapex|79\/100 par|[from] Leech Seed|[of] p1a: Ferrothorn\n|-damage|p1a: Ferrothorn|94\/100 brn|[from] brn\n|upkeep\n|turn|249\n|inactive|testotesto321 has 30 seconds left this turn.\n|inactive|Bhugman has 30 seconds left.\n|inactive|testotesto321 has 20 seconds left.\n|inactive|testotesto321 has 15 seconds left.\n|\n|move|p1a: Ferrothorn|Thunder Wave|p2a: Toxapex\n|-fail|p2a: Toxapex|par\n|move|p2a: Toxapex|Scald|p1a: Ferrothorn\n|-resisted|p1a: Ferrothorn\n|-damage|p1a: Ferrothorn|87\/100 brn\n|\n|-heal|p1a: Ferrothorn|94\/100 brn|[from] item: Leftovers\n|-damage|p2a: Toxapex|66\/100 par|[from] Leech Seed|[of] p1a: Ferrothorn\n|-heal|p1a: Ferrothorn|100\/100 brn|[silent]\n|-damage|p1a: Ferrothorn|94\/100 brn|[from] brn\n|upkeep\n|turn|250\n|inactive|Bhugman has 30 seconds left this turn.\n|inactive|testotesto321 has 20 seconds left this turn.\n|\n|switch|p2a: Mandibuzz|Mandibuzz, F|44\/100 par\n|-damage|p2a: Mandibuzz|19\/100 par|[from] Stealth Rock\n|move|p1a: Ferrothorn|Thunder Wave|p2a: Mandibuzz\n|-fail|p2a: Mandibuzz|par\n|\n|-heal|p1a: Ferrothorn|100\/100 brn|[from] item: Leftovers\n|-damage|p1a: Ferrothorn|94\/100 brn|[from] brn\n|upkeep\n|turn|251\n|inactive|Bhugman has 30 seconds left this turn.\n|inactive|testotesto321 has 20 seconds left this turn.\n|inactive|testotesto321 has 15 seconds left.\n|\n|move|p2a: Mandibuzz|Roost|p2a: Mandibuzz\n|-heal|p2a: Mandibuzz|69\/100 par\n|-singleturn|p2a: Mandibuzz|move: Roost\n|move|p1a: Ferrothorn|Body Press|p2a: Mandibuzz\n|-supereffective|p2a: Mandibuzz\n|-damage|p2a: Mandibuzz|53\/100 par\n|\n|-heal|p1a: Ferrothorn|100\/100 brn|[from] item: Leftovers\n|-damage|p1a: Ferrothorn|94\/100 brn|[from] brn\n|upkeep\n|turn|252\n|inactive|Bhugman has 30 seconds left this turn.\n|inactive|testotesto321 has 20 seconds left this turn.\n|\n|switch|p1a: Skarmory|Skarmory, F|100\/100\n|-damage|p1a: Skarmory|88\/100|[from] Stealth Rock\n|move|p2a: Mandibuzz|Defog|p1a: Skarmory\n|-unboost|p1a: Skarmory|evasion|1\n|-sideend|p1: Bhugman|Stealth Rock|[from] move: Defog|[of] p2a: Mandibuzz\n|-sideend|p2: testotesto321|Stealth Rock|[from] move: Defog|[of] p2a: Mandibuzz\n|\n|-heal|p1a: Skarmory|94\/100|[from] item: Leftovers\n|upkeep\n|turn|253\n|inactive|Bhugman has 25 seconds left this turn.\n|inactive|testotesto321 has 20 seconds left this turn.\n|inactive|Bhugman has 20 seconds left.\n|\n|move|p1a: Skarmory|Stealth Rock|p2a: Mandibuzz\n|-sidestart|p2: testotesto321|move: Stealth Rock\n|move|p2a: Mandibuzz|Defog|p1a: Skarmory\n|-unboost|p1a: Skarmory|evasion|1\n|-sideend|p2: testotesto321|Stealth Rock|[from] move: Defog|[of] p2a: Mandibuzz\n|\n|-heal|p1a: Skarmory|99\/100|[from] item: Leftovers\n|upkeep\n|turn|254\n|inactive|Bhugman has 25 seconds left this turn.\n|inactive|testotesto321 has 25 seconds left this turn.\n|inactive|testotesto321 has 20 seconds left.\n|\n|switch|p2a: Alakazam|Alakazam, F|61\/100 par\n|move|p1a: Skarmory|Stealth Rock|p2a: Alakazam\n|-sidestart|p2: testotesto321|move: Stealth Rock\n|\n|-heal|p1a: Skarmory|100\/100|[from] item: Leftovers\n|upkeep\n|turn|255\n|inactive|Bhugman has 25 seconds left this turn.\n|inactive|testotesto321 has 20 seconds left this turn.\n|inactive|Bhugman has 20 seconds left.\n|inactive|testotesto321 has 15 seconds left.\n|\n|switch|p1a: Chansey|Chansey, F|94\/100\n|move|p2a: Alakazam|Recover|p2a: Alakazam\n|-heal|p2a: Alakazam|100\/100 par\n|\n|upkeep\n|turn|256\n|inactive|Bhugman has 25 seconds left this turn.\n|inactive|testotesto321 has 20 seconds left this turn.\n|inactive|Bhugman has 20 seconds left.\n|inactive|testotesto321 has 15 seconds left.\n|inactive|testotesto321 has 10 seconds left.\n|\n|switch|p2a: Chansey|Chansey, F|76\/100\n|-damage|p2a: Chansey|64\/100|[from] Stealth Rock\n|switch|p1a: Clefable|Clefable, F|100\/100\n|\n|upkeep\n|turn|257\n|inactive|Bhugman has 20 seconds left this turn.\n|inactive|testotesto321 has 10 seconds left this turn.\n|\n|switch|p1a: Skarmory|Skarmory, F|100\/100\n|move|p2a: Chansey|Stealth Rock|p1a: Skarmory\n|-sidestart|p1: Bhugman|move: Stealth Rock\n|\n|upkeep\n|turn|258\n|inactive|Bhugman has 25 seconds left this turn.\n|inactive|testotesto321 has 15 seconds left this turn.\n|inactive|Bhugman has 20 seconds left.\n|\n|switch|p1a: Ferrothorn|Ferrothorn, F|94\/100 brn\n|-damage|p1a: Ferrothorn|88\/100 brn|[from] Stealth Rock\n|switch|p2a: Toxapex|Toxapex, F, shiny|99\/100 par\n|-damage|p2a: Toxapex|87\/100 par|[from] Stealth Rock\n|\n|-heal|p1a: Ferrothorn|94\/100 brn|[from] item: Leftovers\n|-damage|p1a: Ferrothorn|88\/100 brn|[from] brn\n|upkeep\n|turn|259\n|inactive|Bhugman has 20 seconds left this turn.\n|inactive|testotesto321 has 15 seconds left this turn.\n|inactive|Bhugman has 15 seconds left.\n|inactive|testotesto321 has 10 seconds left.\n|\n|switch|p2a: Mandibuzz|Mandibuzz, F|53\/100 par\n|-damage|p2a: Mandibuzz|28\/100 par|[from] Stealth Rock\n|move|p1a: Ferrothorn|Leech Seed|p2a: Mandibuzz|[miss]\n|-miss|p1a: Ferrothorn|p2a: Mandibuzz\n|\n|-heal|p1a: Ferrothorn|94\/100 brn|[from] item: Leftovers\n|-damage|p1a: Ferrothorn|88\/100 brn|[from] brn\n|upkeep\n|turn|260\n|inactive|Bhugman has 20 seconds left this turn.\n|inactive|testotesto321 has 15 seconds left this turn.\n|inactive|Bhugman has 15 seconds left.\n|inactive|testotesto321 has 10 seconds left.\n|\n|switch|p1a: Skarmory|Skarmory, F|100\/100\n|-damage|p1a: Skarmory|88\/100|[from] Stealth Rock\n|move|p2a: Mandibuzz|Roost|p2a: Mandibuzz\n|-heal|p2a: Mandibuzz|78\/100 par\n|-singleturn|p2a: Mandibuzz|move: Roost\n|\n|-heal|p1a: Skarmory|94\/100|[from] item: Leftovers\n|upkeep\n|turn|261\n|inactive|Bhugman has 15 seconds left this turn.\n|inactive|testotesto321 has 10 seconds left this turn.\n|inactive|Bhugman has 10 seconds left.\n|\n|switch|p1a: Clefable|Clefable, F|100\/100\n|-damage|p1a: Clefable|88\/100|[from] Stealth Rock\n|move|p2a: Mandibuzz|Defog|p1a: Clefable\n|-unboost|p1a: Clefable|evasion|1\n|-sideend|p1: Bhugman|Stealth Rock|[from] move: Defog|[of] p2a: Mandibuzz\n|-sideend|p2: testotesto321|Stealth Rock|[from] move: Defog|[of] p2a: Mandibuzz\n|\n|-heal|p1a: Clefable|94\/100|[from] item: Leftovers\n|upkeep\n|turn|262\n|inactive|Bhugman has 15 seconds left this turn.\n|inactive|testotesto321 has 15 seconds left this turn.\n|inactive|Bhugman has 10 seconds left.\n|\n|switch|p1a: Skarmory|Skarmory, F|94\/100\n|switch|p2a: Toxapex|Toxapex, F, shiny|100\/100 par\n|\n|-heal|p1a: Skarmory|99\/100|[from] item: Leftovers\n|upkeep\n|turn|263\n|inactive|Bhugman has 10 seconds left this turn.\n|inactive|testotesto321 has 15 seconds left this turn.\n|\n|switch|p2a: Mandibuzz|Mandibuzz, F|78\/100 par\n|move|p1a: Skarmory|Stealth Rock|p2a: Mandibuzz\n|-sidestart|p2: testotesto321|move: Stealth Rock\n|\n|-heal|p1a: Skarmory|100\/100|[from] item: Leftovers\n|upkeep\n|turn|264\n|inactive|Bhugman has 15 seconds left this turn.\n|inactive|testotesto321 has 20 seconds left this turn.\n|\n|switch|p1a: Clefable|Clefable, F|94\/100\n|switch|p2a: Toxapex|Toxapex, F, shiny|100\/100 par\n|-damage|p2a: Toxapex|88\/100 par|[from] Stealth Rock\n|\n|-heal|p1a: Clefable|99\/100|[from] item: Leftovers\n|upkeep\n|turn|265\n|inactive|Bhugman has 15 seconds left this turn.\n|inactive|testotesto321 has 20 seconds left this turn.\n|\n|switch|p1a: Skarmory|Skarmory, F|100\/100\n|switch|p2a: Chansey|Chansey, F|64\/100\n|-damage|p2a: Chansey|51\/100|[from] Stealth Rock\n|\n|upkeep\n|turn|266\n|inactive|Bhugman has 20 seconds left this turn.\n|inactive|testotesto321 has 25 seconds left this turn.\n|\n|move|p1a: Skarmory|Body Press|p2a: Chansey\n|-supereffective|p2a: Chansey\n|-damage|p2a: Chansey|11\/100\n|move|p2a: Chansey|Soft-Boiled|p2a: Chansey\n|-heal|p2a: Chansey|61\/100\n|\n|upkeep\n|turn|267\n|inactive|Bhugman has 20 seconds left this turn.\n|inactive|testotesto321 has 25 seconds left this turn.\n|inactive|Bhugman has 15 seconds left.\n|\n|switch|p1a: Ferrothorn|Ferrothorn, F|88\/100 brn\n|move|p2a: Chansey|Stealth Rock|p1a: Ferrothorn\n|-sidestart|p1: Bhugman|move: Stealth Rock\n|\n|-heal|p1a: Ferrothorn|94\/100 brn|[from] item: Leftovers\n|-damage|p1a: Ferrothorn|88\/100 brn|[from] brn\n|upkeep\n|turn|268\n|inactive|Bhugman has 20 seconds left this turn.\n|inactive|testotesto321 has 30 seconds left this turn.\n|inactive|Bhugman has 15 seconds left.\n|\n|switch|p2a: Toxapex|Toxapex, F, shiny|100\/100 par\n|-damage|p2a: Toxapex|88\/100 par|[from] Stealth Rock\n|switch|p1a: Skarmory|Skarmory, F|100\/100\n|-damage|p1a: Skarmory|88\/100|[from] Stealth Rock\n|\n|-heal|p1a: Skarmory|94\/100|[from] item: Leftovers\n|upkeep\n|turn|269\n|inactive|Bhugman has 15 seconds left this turn.\n|inactive|testotesto321 has 30 seconds left this turn.\n|\n|switch|p1a: Ferrothorn|Ferrothorn, F|88\/100 brn\n|-damage|p1a: Ferrothorn|82\/100 brn|[from] Stealth Rock\n|move|p2a: Toxapex|Scald|p1a: Ferrothorn\n|-resisted|p1a: Ferrothorn\n|-damage|p1a: Ferrothorn|74\/100 brn\n|\n|-heal|p1a: Ferrothorn|80\/100 brn|[from] item: Leftovers\n|-damage|p1a: Ferrothorn|74\/100 brn|[from] brn\n|upkeep\n|turn|270\n|inactive|Bhugman has 20 seconds left this turn.\n|inactive|testotesto321 has 30 seconds left this turn.\n|inactive|Bhugman has 15 seconds left.\n|\n|switch|p2a: Mandibuzz|Mandibuzz, F|78\/100 par\n|-damage|p2a: Mandibuzz|53\/100 par|[from] Stealth Rock\n|move|p1a: Ferrothorn|Leech Seed|p2a: Mandibuzz\n|-start|p2a: Mandibuzz|move: Leech Seed\n|\n|-heal|p1a: Ferrothorn|80\/100 brn|[from] item: Leftovers\n|-damage|p2a: Mandibuzz|41\/100 par|[from] Leech Seed|[of] p1a: Ferrothorn\n|-heal|p1a: Ferrothorn|95\/100 brn|[silent]\n|-damage|p1a: Ferrothorn|89\/100 brn|[from] brn\n|upkeep\n|turn|271\n|inactive|Bhugman has 15 seconds left this turn.\n|inactive|testotesto321 has 30 seconds left this turn.\n|\n|switch|p2a: Toxapex|Toxapex, F, shiny|100\/100 par\n|-damage|p2a: Toxapex|88\/100 par|[from] Stealth Rock\n|switch|p1a: Skarmory|Skarmory, F|94\/100\n|-damage|p1a: Skarmory|82\/100|[from] Stealth Rock\n|\n|-heal|p1a: Skarmory|88\/100|[from] item: Leftovers\n|upkeep\n|turn|272\n|inactive|Bhugman has 20 seconds left this turn.\n|\n|switch|p1a: Chansey|Chansey, F|94\/100\n|-damage|p1a: Chansey|82\/100|[from] Stealth Rock\n|move|p2a: Toxapex|Scald|p1a: Chansey\n|-damage|p1a: Chansey|77\/100\n|\n|upkeep\n|turn|273\n|inactive|Bhugman has 20 seconds left this turn.\n|inactive|Bhugman has 15 seconds left.\n|\n|switch|p1a: Ferrothorn|Ferrothorn, F|89\/100 brn\n|-damage|p1a: Ferrothorn|83\/100 brn|[from] Stealth Rock\n|move|p2a: Toxapex|Toxic||[still]\n|-fail|p2a: Toxapex\n|\n|-heal|p1a: Ferrothorn|89\/100 brn|[from] item: Leftovers\n|-damage|p1a: Ferrothorn|83\/100 brn|[from] brn\n|upkeep\n|turn|274\n|inactive|Bhugman has 20 seconds left this turn.\n|inactive|Bhugman has 15 seconds left.\n|\n|move|p1a: Ferrothorn|Leech Seed|p2a: Toxapex|[miss]\n|-miss|p1a: Ferrothorn|p2a: Toxapex\n|cant|p2a: Toxapex|par\n|\n|-heal|p1a: Ferrothorn|89\/100 brn|[from] item: Leftovers\n|-damage|p1a: Ferrothorn|83\/100 brn|[from] brn\n|upkeep\n|turn|275\n|inactive|Bhugman has 15 seconds left this turn.\n|inactive|Bhugman has 10 seconds left.\n|\n|switch|p1a: Chansey|Chansey, F|77\/100\n|-damage|p1a: Chansey|64\/100|[from] Stealth Rock\n|move|p2a: Toxapex|Scald|p1a: Chansey\n|-damage|p1a: Chansey|60\/100\n|\n|upkeep\n|turn|276\n|inactive|Bhugman has 15 seconds left this turn.\n|\n|move|p1a: Chansey|Soft-Boiled|p1a: Chansey\n|-heal|p1a: Chansey|100\/100\n|move|p2a: Toxapex|Haze|p2a: Toxapex\n|-clearallboost\n|\n|upkeep\n|turn|277\n|inactive|Bhugman has 15 seconds left this turn.\n|inactive|Bhugman has 10 seconds left.\n|\n|move|p1a: Chansey|Seismic Toss|p2a: Toxapex\n|-damage|p2a: Toxapex|55\/100 par\n|move|p2a: Toxapex|Haze|p2a: Toxapex\n|-clearallboost\n|\n|upkeep\n|turn|278\n|inactive|Bhugman has 15 seconds left this turn.\n|inactive|Bhugman has 10 seconds left.\n|\n|move|p1a: Chansey|Seismic Toss|p2a: Toxapex\n|-damage|p2a: Toxapex|22\/100 par\n|move|p2a: Toxapex|Recover|p2a: Toxapex\n|-heal|p2a: Toxapex|72\/100 par\n|\n|upkeep\n|turn|279\n|inactive|Bhugman has 10 seconds left this turn.\n|\n|move|p1a: Chansey|Seismic Toss|p2a: Toxapex\n|-damage|p2a: Toxapex|39\/100 par\n|move|p2a: Toxapex|Haze|p2a: Toxapex\n|-clearallboost\n|\n|upkeep\n|turn|280\n|inactive|Bhugman has 15 seconds left this turn.\n|\n|switch|p2a: Chansey|Chansey, F|61\/100\n|-damage|p2a: Chansey|48\/100|[from] Stealth Rock\n|move|p1a: Chansey|Seismic Toss|p2a: Chansey\n|-damage|p2a: Chansey|34\/100\n|\n|upkeep\n|turn|281\n|inactive|Bhugman has 15 seconds left this turn.\n|\n|move|p1a: Chansey|Seismic Toss|p2a: Chansey\n|-damage|p2a: Chansey|20\/100\n|move|p2a: Chansey|Soft-Boiled|p2a: Chansey\n|-heal|p2a: Chansey|70\/100\n|\n|upkeep\n|turn|282\n|inactive|Bhugman has 20 seconds left this turn.\n|\n|switch|p1a: Skarmory|Skarmory, F|88\/100\n|-damage|p1a: Skarmory|76\/100|[from] Stealth Rock\n|move|p2a: Chansey|Seismic Toss|p1a: Skarmory\n|-damage|p1a: Skarmory|46\/100\n|\n|-heal|p1a: Skarmory|52\/100|[from] item: Leftovers\n|upkeep\n|turn|283\n|inactive|Bhugman has 20 seconds left this turn.\n|inactive|Bhugman has 15 seconds left.\n|\n|switch|p2a: Toxapex|Toxapex, F, shiny|73\/100 par\n|-damage|p2a: Toxapex|60\/100 par|[from] Stealth Rock\n|move|p1a: Skarmory|Roost|p1a: Skarmory\n|-heal|p1a: Skarmory|100\/100\n|-singleturn|p1a: Skarmory|move: Roost\n|\n|upkeep\n|turn|284\n|inactive|Bhugman has 20 seconds left this turn.\n|inactive|Bhugman has 15 seconds left.\n|\n|switch|p1a: Chansey|Chansey, F|100\/100\n|-damage|p1a: Chansey|88\/100|[from] Stealth Rock\n|switch|p2a: Mandibuzz|Mandibuzz, F|41\/100 par\n|-damage|p2a: Mandibuzz|16\/100 par|[from] Stealth Rock\n|\n|upkeep\n|turn|285\n|inactive|Bhugman has 15 seconds left this turn.\n|\n|move|p1a: Chansey|Seismic Toss|p2a: Mandibuzz\n|-damage|p2a: Mandibuzz|0 fnt\n|faint|p2a: Mandibuzz\n|\n|upkeep\n|inactive|Bhugman has 20 seconds left this turn.\n|\n|switch|p2a: Toxapex|Toxapex, F, shiny|93\/100 par\n|-damage|p2a: Toxapex|81\/100 par|[from] Stealth Rock\n|turn|286\n|inactive|Bhugman has 20 seconds left this turn.\n|inactive|Bhugman has 15 seconds left.\n|\n|switch|p1a: Skarmory|Skarmory, F|100\/100\n|-damage|p1a: Skarmory|88\/100|[from] Stealth Rock\n|switch|p2a: Chansey|Chansey, F|70\/100\n|-damage|p2a: Chansey|58\/100|[from] Stealth Rock\n|\n|-heal|p1a: Skarmory|94\/100|[from] item: Leftovers\n|upkeep\n|turn|287\n|inactive|Bhugman has 20 seconds left this turn.\n|inactive|Bhugman has 15 seconds left.\n|\n|switch|p2a: Toxapex|Toxapex, F, shiny|100\/100 par\n|-damage|p2a: Toxapex|88\/100 par|[from] Stealth Rock\n|move|p1a: Skarmory|Defog|p2a: Toxapex\n|-unboost|p2a: Toxapex|evasion|1\n|-sideend|p2: testotesto321|Stealth Rock|[from] move: Defog|[of] p1a: Skarmory\n|-sideend|p1: Bhugman|Stealth Rock|[from] move: Defog|[of] p1a: Skarmory\n|\n|-heal|p1a: Skarmory|99\/100|[from] item: Leftovers\n|upkeep\n|turn|288\n|inactive|Bhugman has 15 seconds left this turn.\n|\n|move|p1a: Skarmory|Stealth Rock|p2a: Toxapex\n|-sidestart|p2: testotesto321|move: Stealth Rock\n|move|p2a: Toxapex|Scald|p1a: Skarmory\n|-damage|p1a: Skarmory|77\/100\n|-status|p1a: Skarmory|brn\n|\n|-heal|p1a: Skarmory|83\/100 brn|[from] item: Leftovers\n|-damage|p1a: Skarmory|77\/100 brn|[from] brn\n|upkeep\n|turn|289\n|inactive|Bhugman has 20 seconds left this turn.\n|inactive|Bhugman has 15 seconds left.\n|inactive|Bhugman has 10 seconds left.\n|\n|switch|p1a: Ferrothorn|Ferrothorn, F|83\/100 brn\n|switch|p2a: Chansey|Chansey, F|58\/100\n|-damage|p2a: Chansey|45\/100|[from] Stealth Rock\n|\n|-heal|p1a: Ferrothorn|89\/100 brn|[from] item: Leftovers\n|-damage|p1a: Ferrothorn|83\/100 brn|[from] brn\n|upkeep\n|turn|290\n|inactive|Bhugman has 10 seconds left this turn.\n|\n|move|p2a: Chansey|Soft-Boiled|p2a: Chansey\n|-heal|p2a: Chansey|95\/100\n|move|p1a: Ferrothorn|Knock Off|p2a: Chansey\n|-damage|p2a: Chansey|89\/100\n|-enditem|p2a: Chansey|Eviolite|[from] move: Knock Off|[of] p1a: Ferrothorn\n|\n|-heal|p1a: Ferrothorn|89\/100 brn|[from] item: Leftovers\n|-damage|p1a: Ferrothorn|83\/100 brn|[from] brn\n|upkeep\n|turn|291\n|inactive|Bhugman has 15 seconds left this turn.\n|\n|move|p2a: Chansey|Stealth Rock|p1a: Ferrothorn\n|-sidestart|p1: Bhugman|move: Stealth Rock\n|move|p1a: Ferrothorn|Body Press|p2a: Chansey\n|-supereffective|p2a: Chansey\n|-damage|p2a: Chansey|58\/100\n|\n|-heal|p1a: Ferrothorn|89\/100 brn|[from] item: Leftovers\n|-damage|p1a: Ferrothorn|83\/100 brn|[from] brn\n|upkeep\n|turn|292\n|inactive|Bhugman has 15 seconds left this turn.\n|\n|switch|p2a: Toxapex|Toxapex, F, shiny|100\/100 par\n|-damage|p2a: Toxapex|88\/100 par|[from] Stealth Rock\n|move|p1a: Ferrothorn|Body Press|p2a: Toxapex\n|-resisted|p2a: Toxapex\n|-damage|p2a: Toxapex|84\/100 par\n|\n|-heal|p1a: Ferrothorn|89\/100 brn|[from] item: Leftovers\n|-damage|p1a: Ferrothorn|83\/100 brn|[from] brn\n|upkeep\n|turn|293\n|inactive|Bhugman has 20 seconds left this turn.\n|\n|move|p1a: Ferrothorn|Leech Seed|p2a: Toxapex\n|-start|p2a: Toxapex|move: Leech Seed\n|move|p2a: Toxapex|Scald|p1a: Ferrothorn\n|-resisted|p1a: Ferrothorn\n|-damage|p1a: Ferrothorn|75\/100 brn\n|\n|-heal|p1a: Ferrothorn|81\/100 brn|[from] item: Leftovers\n|-damage|p2a: Toxapex|71\/100 par|[from] Leech Seed|[of] p1a: Ferrothorn\n|-heal|p1a: Ferrothorn|92\/100 brn|[silent]\n|-damage|p1a: Ferrothorn|86\/100 brn|[from] brn\n|upkeep\n|turn|294\n|inactive|Bhugman has 20 seconds left this turn.\n|\n|switch|p2a: Chansey|Chansey, F|58\/100\n|-damage|p2a: Chansey|45\/100|[from] Stealth Rock\n|move|p1a: Ferrothorn|Knock Off|p2a: Chansey\n|-damage|p2a: Chansey|39\/100\n|\n|-heal|p1a: Ferrothorn|92\/100 brn|[from] item: Leftovers\n|-damage|p1a: Ferrothorn|86\/100 brn|[from] brn\n|upkeep\n|turn|295\n|inactive|Bhugman has 25 seconds left this turn.\n|\n|move|p2a: Chansey|Soft-Boiled|p2a: Chansey\n|-heal|p2a: Chansey|89\/100\n|move|p1a: Ferrothorn|Knock Off|p2a: Chansey\n|-damage|p2a: Chansey|82\/100\n|\n|-heal|p1a: Ferrothorn|92\/100 brn|[from] item: Leftovers\n|-damage|p1a: Ferrothorn|86\/100 brn|[from] brn\n|upkeep\n|turn|296\n|inactive|Bhugman has 25 seconds left this turn.\n|\n|move|p2a: Chansey|Seismic Toss|p1a: Ferrothorn\n|-damage|p1a: Ferrothorn|58\/100 brn\n|-damage|p2a: Chansey|70\/100|[from] ability: Iron Barbs|[of] p1a: Ferrothorn\n|move|p1a: Ferrothorn|Knock Off|p2a: Chansey\n|-damage|p2a: Chansey|63\/100\n|\n|-heal|p1a: Ferrothorn|64\/100 brn|[from] item: Leftovers\n|-damage|p1a: Ferrothorn|58\/100 brn|[from] brn\n|upkeep\n|turn|297\n|inactive|Bhugman has 30 seconds left this turn.\n|\n|switch|p2a: Toxapex|Toxapex, F, shiny|100\/100 par\n|-damage|p2a: Toxapex|88\/100 par|[from] Stealth Rock\n|move|p1a: Ferrothorn|Leech Seed|p2a: Toxapex\n|-start|p2a: Toxapex|move: Leech Seed\n|\n|-heal|p1a: Ferrothorn|64\/100 brn|[from] item: Leftovers\n|-damage|p2a: Toxapex|75\/100 par|[from] Leech Seed|[of] p1a: Ferrothorn\n|-heal|p1a: Ferrothorn|75\/100 brn|[silent]\n|-damage|p1a: Ferrothorn|68\/100 brn|[from] brn\n|upkeep\n|turn|298\n|inactive|Bhugman has 30 seconds left this turn.\n|\n|switch|p2a: Chansey|Chansey, F|63\/100\n|-damage|p2a: Chansey|51\/100|[from] Stealth Rock\n|move|p1a: Ferrothorn|Knock Off|p2a: Chansey\n|-damage|p2a: Chansey|44\/100\n|\n|-heal|p1a: Ferrothorn|75\/100 brn|[from] item: Leftovers\n|-damage|p1a: Ferrothorn|68\/100 brn|[from] brn\n|upkeep\n|turn|299\n|inactive|Bhugman has 30 seconds left this turn.\n|\n|move|p2a: Chansey|Soft-Boiled|p2a: Chansey\n|-heal|p2a: Chansey|94\/100\n|move|p1a: Ferrothorn|Body Press|p2a: Chansey\n|-supereffective|p2a: Chansey\n|-damage|p2a: Chansey|67\/100\n|\n|-heal|p1a: Ferrothorn|75\/100 brn|[from] item: Leftovers\n|-damage|p1a: Ferrothorn|68\/100 brn|[from] brn\n|upkeep\n|turn|300\n|inactive|Bhugman has 30 seconds left this turn.\n|\n|switch|p2a: Toxapex|Toxapex, F, shiny|100\/100 par\n|-damage|p2a: Toxapex|88\/100 par|[from] Stealth Rock\n|move|p1a: Ferrothorn|Thunder Wave|p2a: Toxapex\n|-fail|p2a: Toxapex|par\n|\n|-heal|p1a: Ferrothorn|75\/100 brn|[from] item: Leftovers\n|-damage|p1a: Ferrothorn|68\/100 brn|[from] brn\n|upkeep\n|turn|301\n|\n|switch|p1a: Chansey|Chansey, F|88\/100\n|-damage|p1a: Chansey|76\/100|[from] Stealth Rock\n|move|p2a: Toxapex|Haze|p2a: Toxapex\n|-clearallboost\n|\n|upkeep\n|turn|302\n|inactive|Bhugman has 30 seconds left.\n|\n|move|p1a: Chansey|Seismic Toss|p2a: Toxapex\n|-damage|p2a: Toxapex|55\/100 par\n|move|p2a: Toxapex|Toxic|p1a: Chansey\n|-status|p1a: Chansey|tox\n|\n|-damage|p1a: Chansey|70\/100 tox|[from] psn\n|upkeep\n|turn|303\n|inactive|Bhugman has 30 seconds left.\n|\n|switch|p2a: Chansey|Chansey, F|67\/100\n|-damage|p2a: Chansey|54\/100|[from] Stealth Rock\n|move|p1a: Chansey|Soft-Boiled|p1a: Chansey\n|-heal|p1a: Chansey|100\/100 tox\n|\n|-damage|p1a: Chansey|88\/100 tox|[from] psn\n|upkeep\n|turn|304\n|inactive|Bhugman has 30 seconds left this turn.\n|inactive|Bhugman has 20 seconds left.\n|\n|-curestatus|p1a: Chansey|tox|[from] ability: Natural Cure\n|switch|p1a: Clefable|Clefable, F|99\/100\n|-damage|p1a: Clefable|88\/100|[from] Stealth Rock\n|move|p2a: Chansey|Soft-Boiled|p2a: Chansey\n|-heal|p2a: Chansey|100\/100\n|\n|-heal|p1a: Clefable|94\/100|[from] item: Leftovers\n|upkeep\n|turn|305\n|inactive|Bhugman has 25 seconds left this turn.\n|inactive|Bhugman has 20 seconds left.\n|\n|switch|p1a: Skarmory|Skarmory, F|77\/100 brn\n|-damage|p1a: Skarmory|64\/100 brn|[from] Stealth Rock\n|move|p2a: Chansey|Toxic||[still]\n|-fail|p2a: Chansey\n|\n|-heal|p1a: Skarmory|70\/100 brn|[from] item: Leftovers\n|-damage|p1a: Skarmory|64\/100 brn|[from] brn\n|upkeep\n|turn|306\n|inactive|Bhugman has 20 seconds left this turn.\n|inactive|Bhugman has 15 seconds left.\n|\n|switch|p2a: Toxapex|Toxapex, F, shiny|88\/100 par\n|-damage|p2a: Toxapex|76\/100 par|[from] Stealth Rock\n|move|p1a: Skarmory|Roost|p1a: Skarmory\n|-heal|p1a: Skarmory|100\/100 brn\n|-singleturn|p1a: Skarmory|move: Roost\n|\n|-damage|p1a: Skarmory|95\/100 brn|[from] brn\n|upkeep\n|turn|307\n|inactive|Bhugman has 20 seconds left this turn.\n|\n|move|p1a: Skarmory|Defog|p2a: Toxapex\n|-unboost|p2a: Toxapex|evasion|1\n|-sideend|p2: testotesto321|Stealth Rock|[from] move: Defog|[of] p1a: Skarmory\n|-sideend|p1: Bhugman|Stealth Rock|[from] move: Defog|[of] p1a: Skarmory\n|move|p2a: Toxapex|Scald|p1a: Skarmory\n|-damage|p1a: Skarmory|70\/100 brn\n|\n|-heal|p1a: Skarmory|76\/100 brn|[from] item: Leftovers\n|-damage|p1a: Skarmory|70\/100 brn|[from] brn\n|upkeep\n|turn|308\n|inactive|Bhugman has 20 seconds left this turn.\n|inactive|Bhugman has 15 seconds left.\n|\n|switch|p2a: Chansey|Chansey, F|100\/100\n|move|p1a: Skarmory|Stealth Rock|p2a: Chansey\n|-sidestart|p2: testotesto321|move: Stealth Rock\n|\n|-heal|p1a: Skarmory|76\/100 brn|[from] item: Leftovers\n|-damage|p1a: Skarmory|70\/100 brn|[from] brn\n|upkeep\n|turn|309\n|inactive|Bhugman has 20 seconds left this turn.\n|\n|move|p1a: Skarmory|Body Press|p2a: Chansey\n|-supereffective|p2a: Chansey\n|-damage|p2a: Chansey|71\/100\n|move|p2a: Chansey|Stealth Rock|p1a: Skarmory\n|-sidestart|p1: Bhugman|move: Stealth Rock\n|\n|-heal|p1a: Skarmory|76\/100 brn|[from] item: Leftovers\n|-damage|p1a: Skarmory|70\/100 brn|[from] brn\n|upkeep\n|turn|310\n|inactive|Bhugman has 20 seconds left this turn.\n|inactive|Bhugman has 15 seconds left.\n|\n|switch|p2a: Toxapex|Toxapex, F, shiny|100\/100 par\n|-damage|p2a: Toxapex|88\/100 par|[from] Stealth Rock\n|move|p1a: Skarmory|Defog|p2a: Toxapex\n|-unboost|p2a: Toxapex|evasion|1\n|-sideend|p2: testotesto321|Stealth Rock|[from] move: Defog|[of] p1a: Skarmory\n|-sideend|p1: Bhugman|Stealth Rock|[from] move: Defog|[of] p1a: Skarmory\n|\n|-heal|p1a: Skarmory|76\/100 brn|[from] item: Leftovers\n|-damage|p1a: Skarmory|70\/100 brn|[from] brn\n|upkeep\n|turn|311\n|inactive|Bhugman has 20 seconds left this turn.\n|\n|switch|p2a: Urshifu|Urshifu, F|58\/100\n|move|p1a: Skarmory|Stealth Rock|p2a: Urshifu\n|-sidestart|p2: testotesto321|move: Stealth Rock\n|\n|-heal|p1a: Skarmory|76\/100 brn|[from] item: Leftovers\n|-damage|p1a: Skarmory|70\/100 brn|[from] brn\n|upkeep\n|turn|312\n|inactive|Bhugman has 20 seconds left this turn.\n|inactive|Bhugman has 15 seconds left.\n|inactive|Bhugman has 10 seconds left.\n|\n|move|p2a: Urshifu|Wicked Blow|p1a: Skarmory\n|-crit|p1a: Skarmory\n|-damage|p1a: Skarmory|32\/100 brn\n|move|p1a: Skarmory|Body Press|p2a: Urshifu\n|-supereffective|p2a: Urshifu\n|-damage|p2a: Urshifu|27\/100\n|\n|-heal|p1a: Skarmory|38\/100 brn|[from] item: Leftovers\n|-damage|p1a: Skarmory|32\/100 brn|[from] brn\n|upkeep\n|turn|313\n|inactive|Bhugman has 15 seconds left this turn.\n|\n|switch|p1a: Ferrothorn|Ferrothorn, F|68\/100 brn\n|move|p2a: Urshifu|Wicked Blow|p1a: Ferrothorn\n|-crit|p1a: Ferrothorn\n|-damage|p1a: Ferrothorn|29\/100 brn\n|-damage|p2a: Urshifu|15\/100|[from] ability: Iron Barbs|[of] p1a: Ferrothorn\n|\n|-heal|p1a: Ferrothorn|35\/100 brn|[from] item: Leftovers\n|-damage|p1a: Ferrothorn|29\/100 brn|[from] brn\n|upkeep\n|turn|314\n|inactive|Bhugman has 15 seconds left this turn.\n|inactive|Bhugman has 10 seconds left.\n|\n|switch|p1a: Rotom|Rotom-Heat|6\/100\n|move|p2a: Urshifu|Wicked Blow|p1a: Rotom\n|-crit|p1a: Rotom\n|-damage|p1a: Rotom|0 fnt\n|faint|p1a: Rotom\n|\n|upkeep\n|inactive|Bhugman has 15 seconds left this turn.\n|\n|switch|p1a: Clefable|Clefable, F|94\/100\n|turn|315\n|inactive|Bhugman has 15 seconds left this turn.\n|\n|switch|p2a: Chansey|Chansey, F|71\/100\n|-damage|p2a: Chansey|58\/100|[from] Stealth Rock\n|move|p1a: Clefable|Thunderbolt|p2a: Chansey\n|-damage|p2a: Chansey|49\/100\n|\n|-heal|p1a: Clefable|99\/100|[from] item: Leftovers\n|upkeep\n|turn|316\n|inactive|Bhugman has 20 seconds left this turn.\n|inactive|Bhugman has 15 seconds left.\n|\n|move|p1a: Clefable|Wish|p1a: Clefable\n|move|p2a: Chansey|Toxic|p1a: Clefable\n|-status|p1a: Clefable|tox\n|\n|-heal|p1a: Clefable|100\/100 tox|[from] item: Leftovers\n|-damage|p1a: Clefable|94\/100 tox|[from] psn\n|upkeep\n|turn|317\n|inactive|Bhugman has 15 seconds left this turn.\n|\n|switch|p1a: Ferrothorn|Ferrothorn, F|29\/100 brn\n|move|p2a: Chansey|Stealth Rock|p1a: Ferrothorn\n|-sidestart|p1: Bhugman|move: Stealth Rock\n|\n|-heal|p1a: Ferrothorn|85\/100 brn|[from] move: Wish|[wisher] Clefable\n|-heal|p1a: Ferrothorn|91\/100 brn|[from] item: Leftovers\n|-damage|p1a: Ferrothorn|85\/100 brn|[from] brn\n|upkeep\n|turn|318\n|inactive|Bhugman has 20 seconds left this turn.\n|inactive|Bhugman has 15 seconds left.\n|\n|switch|p1a: Chansey|Chansey, F|88\/100\n|-damage|p1a: Chansey|76\/100|[from] Stealth Rock\n|move|p2a: Chansey|Soft-Boiled|p2a: Chansey\n|-heal|p2a: Chansey|99\/100\n|\n|upkeep\n|turn|319\n|inactive|Bhugman has 15 seconds left this turn.\n|inactive|Bhugman has 10 seconds left.\n|\n|switch|p2a: Toxapex|Toxapex, F, shiny|100\/100 par\n|-damage|p2a: Toxapex|88\/100 par|[from] Stealth Rock\n|move|p1a: Chansey|Wish|p1a: Chansey\n|\n|upkeep\n|turn|320\n|inactive|Bhugman has 15 seconds left this turn.\n|\n|switch|p1a: Skarmory|Skarmory, F|32\/100 brn\n|-damage|p1a: Skarmory|20\/100 brn|[from] Stealth Rock\n|cant|p2a: Toxapex|par\n|\n|-heal|p1a: Skarmory|100\/100 brn|[from] move: Wish|[wisher] Chansey\n|-damage|p1a: Skarmory|95\/100 brn|[from] brn\n|upkeep\n|turn|321\n|inactive|Bhugman has 15 seconds left this turn.\n|\n|move|p1a: Skarmory|Defog|p2a: Toxapex\n|-unboost|p2a: Toxapex|evasion|1\n|-sideend|p2: testotesto321|Stealth Rock|[from] move: Defog|[of] p1a: Skarmory\n|-sideend|p1: Bhugman|Stealth Rock|[from] move: Defog|[of] p1a: Skarmory\n|move|p2a: Toxapex|Scald|p1a: Skarmory\n|-damage|p1a: Skarmory|71\/100 brn\n|\n|-heal|p1a: Skarmory|77\/100 brn|[from] item: Leftovers\n|-damage|p1a: Skarmory|71\/100 brn|[from] brn\n|upkeep\n|turn|322\n|inactive|Bhugman has 20 seconds left this turn.\n|inactive|Bhugman has 15 seconds left.\n|\n|move|p1a: Skarmory|Stealth Rock|p2a: Toxapex\n|-sidestart|p2: testotesto321|move: Stealth Rock\n|move|p2a: Toxapex|Haze|p2a: Toxapex\n|-clearallboost\n|\n|-heal|p1a: Skarmory|77\/100 brn|[from] item: Leftovers\n|-damage|p1a: Skarmory|71\/100 brn|[from] brn\n|upkeep\n|turn|323\n|inactive|Bhugman has 15 seconds left this turn.\n|inactive|Bhugman has 10 seconds left.\n|\n|switch|p1a: Clefable|Clefable, F|94\/100 tox\n|move|p2a: Toxapex|Haze|p2a: Toxapex\n|-clearallboost\n|\n|-heal|p1a: Clefable|100\/100 tox|[from] item: Leftovers\n|-damage|p1a: Clefable|94\/100 tox|[from] psn\n|upkeep\n|turn|324\n|inactive|Bhugman has 15 seconds left this turn.\n|\n|move|p1a: Clefable|Aromatherapy|p1a: Clefable\n|-activate|p1a: Clefable|move: Aromatherapy\n|-curestatus|p1a: Clefable|tox|[msg]\n|-curestatus|p1: Ferrothorn|brn|[msg]\n|-curestatus|p1: Skarmory|brn|[msg]\n|move|p2a: Toxapex|Haze|p2a: Toxapex\n|-clearallboost\n|\n|-heal|p1a: Clefable|100\/100|[from] item: Leftovers\n|upkeep\n|turn|325\n|inactive|Bhugman has 15 seconds left this turn.\n|inactive|Bhugman has 10 seconds left.\n|\n|switch|p1a: Ferrothorn|Ferrothorn, F|85\/100\n|cant|p2a: Toxapex|par\n|\n|-heal|p1a: Ferrothorn|91\/100|[from] item: Leftovers\n|upkeep\n|turn|326\n|inactive|Bhugman has 15 seconds left this turn.\n|\n|move|p1a: Ferrothorn|Knock Off|p2a: Toxapex\n|-damage|p2a: Toxapex|80\/100 par\n|cant|p2a: Toxapex|par\n|\n|-heal|p1a: Ferrothorn|98\/100|[from] item: Leftovers\n|upkeep\n|turn|327\n|inactive|Bhugman has 15 seconds left this turn.\n|\n|move|p1a: Ferrothorn|Thunder Wave|p2a: Toxapex\n|-fail|p2a: Toxapex|par\n|cant|p2a: Toxapex|par\n|\n|-heal|p1a: Ferrothorn|100\/100|[from] item: Leftovers\n|upkeep\n|turn|328\n|inactive|Bhugman has 20 seconds left this turn.\n|inactive|Bhugman has 15 seconds left.\n|\n|switch|p1a: Skarmory|Skarmory, F|71\/100\n|move|p2a: Toxapex|Scald|p1a: Skarmory\n|-damage|p1a: Skarmory|49\/100\n|\n|-heal|p1a: Skarmory|55\/100|[from] item: Leftovers\n|upkeep\n|turn|329\n|inactive|Bhugman has 15 seconds left this turn.\n|\n|move|p1a: Skarmory|Roost|p1a: Skarmory\n|-heal|p1a: Skarmory|100\/100\n|-singleturn|p1a: Skarmory|move: Roost\n|move|p2a: Toxapex|Scald|p1a: Skarmory\n|-damage|p1a: Skarmory|79\/100\n|\n|-heal|p1a: Skarmory|85\/100|[from] item: Leftovers\n|upkeep\n|turn|330\n|inactive|Bhugman has 20 seconds left this turn.\n|inactive|Bhugman has 15 seconds left.\n|\n|switch|p1a: Chansey|Chansey, F|76\/100\n|move|p2a: Toxapex|Haze|p2a: Toxapex\n|-clearallboost\n|\n|upkeep\n|turn|331\n|inactive|Bhugman has 15 seconds left this turn.\n|inactive|Bhugman has 10 seconds left.\n|\n|move|p1a: Chansey|Seismic Toss|p2a: Toxapex\n|-damage|p2a: Toxapex|47\/100 par\n|move|p2a: Toxapex|Toxic|p1a: Chansey\n|-status|p1a: Chansey|tox\n|\n|-damage|p1a: Chansey|70\/100 tox|[from] psn\n|upkeep\n|turn|332\n|inactive|Bhugman has 15 seconds left this turn.\n|inactive|testotesto321 has 60 seconds left.\n|\n|-curestatus|p1a: Chansey|tox|[from] ability: Natural Cure\n|switch|p1a: Skarmory|Skarmory, F|85\/100\n|switch|p2a: Alakazam|Alakazam, F|100\/100 par\n|\n|-heal|p1a: Skarmory|91\/100|[from] item: Leftovers\n|upkeep\n|turn|333\n|inactive|Bhugman has 15 seconds left this turn.\n|inactive|Bhugman has 10 seconds left.\n|\n|switch|p1a: Chansey|Chansey, F|70\/100\n|move|p2a: Alakazam|Focus Blast|p1a: Chansey|[miss]\n|-miss|p2a: Alakazam|p1a: Chansey\n|\n|upkeep\n|turn|334\n|inactive|Bhugman has 15 seconds left this turn.\n|inactive|Bhugman has 10 seconds left.\n|inactive|testotesto321 has 60 seconds left.\n|\n|move|p2a: Alakazam|Recover||[still]\n|-fail|p2a: Alakazam|heal\n|move|p1a: Chansey|Soft-Boiled|p1a: Chansey\n|-heal|p1a: Chansey|100\/100\n|\n|upkeep\n|turn|335\n|inactive|Bhugman has 10 seconds left this turn.\n|\n|move|p2a: Alakazam|Shadow Ball|p1a: Chansey\n|-immune|p1a: Chansey\n|move|p1a: Chansey|Seismic Toss|p2a: Alakazam\n|-damage|p2a: Alakazam|61\/100 par\n|\n|upkeep\n|turn|336\n|inactive|Bhugman has 15 seconds left this turn.\n|\n|move|p2a: Alakazam|Recover|p2a: Alakazam\n|-heal|p2a: Alakazam|100\/100 par\n|move|p1a: Chansey|Seismic Toss|p2a: Alakazam\n|-damage|p2a: Alakazam|61\/100 par\n|\n|upkeep\n|turn|337\n|inactive|Bhugman has 15 seconds left this turn.\n|\n|cant|p2a: Alakazam|par\n|move|p1a: Chansey|Seismic Toss|p2a: Alakazam\n|-damage|p2a: Alakazam|21\/100 par\n|\n|upkeep\n|turn|338\n|inactive|Bhugman has 20 seconds left this turn.\n|\n|cant|p2a: Alakazam|par\n|move|p1a: Chansey|Seismic Toss|p2a: Alakazam\n|-damage|p2a: Alakazam|0 fnt\n|faint|p2a: Alakazam\n|\n|upkeep\n|inactive|Bhugman has 20 seconds left this turn.\n|-message|testotesto321 forfeited.\n|\n|win|Bhugman\n|inactive|Bhugman has 20 seconds left this turn.\n|l|\u2606testotesto321\n","uploadtime":1592507957,"views":15,"p1id":"bhugman","p2id":"testotesto321","formatid":"gen8ou","rating":0,"private":0,"password":null}