{"id":"gen8ou-1670012939","p1":"JeffS69","p2":"Alu9204","format":"gen8ou","log":"|j|\u2606JeffS69\n|j|\u2606Alu9204\n|t:|1664121246\n|gametype|singles\n|player|p1|JeffS69|elesa|1639\n|player|p2|Alu9204|burglar|1620\n|teamsize|p1|6\n|teamsize|p2|6\n|gen|8\n|tier|[Gen 8] OU\n|rated|\n|rule|Sleep Clause Mod: Limit one foe put to sleep\n|rule|Species Clause: Limit one of each Pok\u00e9mon\n|rule|OHKO Clause: OHKO moves are banned\n|rule|Evasion Items Clause: Evasion items are banned\n|rule|Evasion Moves Clause: Evasion moves are banned\n|rule|Endless Battle Clause: Forcing endless battles is banned\n|rule|HP Percentage Mod: HP is shown in percentages\n|rule|Dynamax Clause: You cannot dynamax\n|clearpoke\n|poke|p1|Landorus-Therian, M|\n|poke|p1|Heatran, M|\n|poke|p1|Dragapult, F|\n|poke|p1|Urshifu-*, M|\n|poke|p1|Slowbro, M|\n|poke|p1|Nidoking, M|\n|poke|p2|Heracross, M|\n|poke|p2|Clefable, F|\n|poke|p2|Dragapult, F|\n|poke|p2|Landorus-Therian, M|\n|poke|p2|Rotom-Wash|\n|poke|p2|Ferrothorn, F|\n|teampreview\n|inactive|Battle timer is ON: inactive players will automatically lose when time's up. (requested by JeffS69)\n|\n|t:|1664121265\n|start\n|switch|p1a: Dragapult|Dragapult, F|100\/100\n|switch|p2a: Rotom|Rotom-Wash|100\/100\n|turn|1\n|\n|t:|1664121274\n|move|p1a: Dragapult|Draco Meteor|p2a: Rotom\n|-damage|p2a: Rotom|32\/100\n|-unboost|p1a: Dragapult|spa|2\n|move|p2a: Rotom|Volt Switch|p1a: Dragapult\n|-resisted|p1a: Dragapult\n|-damage|p1a: Dragapult|85\/100\n|\n|t:|1664121286\n|switch|p2a: Heracross|Heracross, M|100\/100|[from]move: Volt Switch\n|\n|-status|p2a: Heracross|brn|[from] item: Flame Orb\n|upkeep\n|turn|2\n|j| endless spring\n|j| clozap9\n|\n|t:|1664121295\n|move|p1a: Dragapult|Draco Meteor|p2a: Heracross\n|-damage|p2a: Heracross|59\/100 brn\n|-unboost|p1a: Dragapult|spa|2\n|move|p2a: Heracross|Knock Off|p1a: Dragapult\n|-supereffective|p1a: Dragapult\n|-damage|p1a: Dragapult|0 fnt\n|-enditem|p1a: Dragapult|Choice Specs|[from] move: Knock Off|[of] p2a: Heracross\n|faint|p1a: Dragapult\n|\n|-damage|p2a: Heracross|53\/100 brn|[from] brn\n|upkeep\n|l| clozap9\n|\n|t:|1664121304\n|switch|p1a: Urshifu|Urshifu-Rapid-Strike, M|100\/100\n|turn|3\n|\n|t:|1664121313\n|switch|p2a: Ferrothorn|Ferrothorn, F|100\/100\n|move|p1a: Urshifu|U-turn|p2a: Ferrothorn\n|-damage|p2a: Ferrothorn|80\/100\n|-damage|p1a: Urshifu|88\/100|[from] ability: Iron Barbs|[of] p2a: Ferrothorn\n|\n|t:|1664121315\n|switch|p1a: Heatran|Heatran, M|100\/100|[from]move: U-turn\n|\n|-heal|p2a: Ferrothorn|86\/100|[from] item: Leftovers\n|upkeep\n|turn|4\n|\n|t:|1664121341\n|move|p1a: Heatran|Stealth Rock|p2a: Ferrothorn\n|-sidestart|p2: Alu9204|move: Stealth Rock\n|move|p2a: Ferrothorn|Stealth Rock|p1a: Heatran\n|-sidestart|p1: JeffS69|move: Stealth Rock\n|\n|-heal|p2a: Ferrothorn|92\/100|[from] item: Leftovers\n|upkeep\n|turn|5\n|\n|t:|1664121353\n|switch|p1a: Nidoking|Nidoking, M|100\/100\n|-damage|p1a: Nidoking|95\/100|[from] Stealth Rock\n|move|p2a: Ferrothorn|Body Press|p1a: Nidoking\n|-resisted|p1a: Nidoking\n|-damage|p1a: Nidoking|73\/100\n|\n|-heal|p2a: Ferrothorn|98\/100|[from] item: Leftovers\n|upkeep\n|turn|6\n|\n|t:|1664121359\n|switch|p2a: Rotom|Rotom-Wash|32\/100\n|-damage|p2a: Rotom|20\/100|[from] Stealth Rock\n|move|p1a: Nidoking|Earth Power|p2a: Rotom\n|-immune|p2a: Rotom|[from] ability: Levitate\n|\n|-heal|p2a: Rotom|26\/100|[from] item: Leftovers\n|upkeep\n|turn|7\n|\n|t:|1664121365\n|move|p1a: Nidoking|Sludge Wave|p2a: Rotom\n|-damage|p2a: Rotom|0 fnt\n|faint|p2a: Rotom\n|\n|upkeep\n|\n|t:|1664121368\n|switch|p2a: Landorus|Landorus-Therian, M|100\/100\n|-damage|p2a: Landorus|88\/100|[from] Stealth Rock\n|-ability|p2a: Landorus|Intimidate|boost\n|-unboost|p1a: Nidoking|atk|1\n|turn|8\n|\n|t:|1664121380\n|switch|p1a: Landorus|Landorus-Therian, M|100\/100\n|-damage|p1a: Landorus|88\/100|[from] Stealth Rock\n|-ability|p1a: Landorus|Intimidate|boost\n|-unboost|p2a: Landorus|atk|1\n|move|p2a: Landorus|Earthquake|p1a: Landorus\n|-immune|p1a: Landorus\n|\n|-heal|p2a: Landorus|94\/100|[from] item: Leftovers\n|-heal|p1a: Landorus|94\/100|[from] item: Leftovers\n|upkeep\n|turn|9\n|\n|t:|1664121390\n|switch|p2a: Ferrothorn|Ferrothorn, F|98\/100\n|-damage|p2a: Ferrothorn|92\/100|[from] Stealth Rock\n|move|p1a: Landorus|U-turn|p2a: Ferrothorn\n|-damage|p2a: Ferrothorn|79\/100\n|-damage|p1a: Landorus|82\/100|[from] ability: Iron Barbs|[of] p2a: Ferrothorn\n|\n|t:|1664121395\n|switch|p1a: Heatran|Heatran, M|100\/100|[from]move: U-turn\n|-damage|p1a: Heatran|88\/100|[from] Stealth Rock\n|\n|-heal|p1a: Heatran|94\/100|[from] item: Leftovers\n|-heal|p2a: Ferrothorn|85\/100|[from] item: Leftovers\n|upkeep\n|turn|10\n|\n|t:|1664121402\n|move|p1a: Heatran|Magma Storm|p2a: Ferrothorn\n|-supereffective|p2a: Ferrothorn\n|-damage|p2a: Ferrothorn|0 fnt\n|faint|p2a: Ferrothorn\n|\n|-heal|p1a: Heatran|100\/100|[from] item: Leftovers\n|upkeep\n|\n|t:|1664121405\n|switch|p2a: Landorus|Landorus-Therian, M|94\/100\n|-damage|p2a: Landorus|82\/100|[from] Stealth Rock\n|-ability|p2a: Landorus|Intimidate|boost\n|-unboost|p1a: Heatran|atk|1\n|turn|11\n|\n|t:|1664121415\n|move|p2a: Landorus|Bulk Up|p2a: Landorus\n|-boost|p2a: Landorus|atk|1\n|-boost|p2a: Landorus|def|1\n|move|p1a: Heatran|Magma Storm|p2a: Landorus\n|-damage|p2a: Landorus|39\/100\n|-activate|p2a: Landorus|move: Magma Storm|[of] p1a: Heatran\n|\n|-heal|p2a: Landorus|45\/100|[from] item: Leftovers\n|-damage|p2a: Landorus|33\/100|[from] move: Magma Storm|[partiallytrapped]\n|upkeep\n|turn|12\n|\n|t:|1664121420\n|switch|p1a: Landorus|Landorus-Therian, M|82\/100\n|-damage|p1a: Landorus|70\/100|[from] Stealth Rock\n|-ability|p1a: Landorus|Intimidate|boost\n|-unboost|p2a: Landorus|atk|1\n|move|p2a: Landorus|Earthquake|p1a: Landorus\n|-immune|p1a: Landorus\n|\n|-heal|p2a: Landorus|39\/100|[from] item: Leftovers\n|-heal|p1a: Landorus|76\/100|[from] item: Leftovers\n|-end|p2a: Landorus|Magma Storm|[partiallytrapped]|[silent]\n|upkeep\n|turn|13\n|\n|t:|1664121428\n|move|p2a: Landorus|Substitute|p2a: Landorus\n|-start|p2a: Landorus|Substitute\n|-damage|p2a: Landorus|14\/100\n|move|p1a: Landorus|Knock Off|p2a: Landorus\n|-activate|p2a: Landorus|move: Substitute|[damage]\n|\n|-heal|p2a: Landorus|20\/100|[from] item: Leftovers\n|-heal|p1a: Landorus|82\/100|[from] item: Leftovers\n|upkeep\n|turn|14\n|\n|t:|1664121434\n|move|p2a: Landorus|Bulk Up|p2a: Landorus\n|-boost|p2a: Landorus|atk|1\n|-boost|p2a: Landorus|def|1\n|move|p1a: Landorus|U-turn|p2a: Landorus\n|-resisted|p2a: Landorus\n|-end|p2a: Landorus|Substitute\n|\n|t:|1664121437\n|switch|p1a: Urshifu|Urshifu-Rapid-Strike, M|88\/100|[from]move: U-turn\n|-damage|p1a: Urshifu|82\/100|[from] Stealth Rock\n|\n|-heal|p2a: Landorus|26\/100|[from] item: Leftovers\n|upkeep\n|turn|15\n|\n|t:|1664121446\n|move|p1a: Urshifu|Surging Strikes|p2a: Landorus\n|-supereffective|p2a: Landorus\n|-crit|p2a: Landorus\n|-damage|p2a: Landorus|0 fnt\n|faint|p2a: Landorus\n|-hitcount|p2: Landorus|1\n|\n|upkeep\n|\n|t:|1664121453\n|switch|p2a: Dragapult|Dragapult, F|100\/100\n|turn|16\n|\n|t:|1664121465\n|move|p2a: Dragapult|Dragon Dance|p2a: Dragapult\n|-boost|p2a: Dragapult|atk|1\n|-boost|p2a: Dragapult|spe|1\n|move|p1a: Urshifu|Surging Strikes|p2a: Dragapult\n|-resisted|p2a: Dragapult\n|-crit|p2a: Dragapult\n|-damage|p2a: Dragapult|81\/100\n|-resisted|p2a: Dragapult\n|-crit|p2a: Dragapult\n|-damage|p2a: Dragapult|61\/100\n|-resisted|p2a: Dragapult\n|-crit|p2a: Dragapult\n|-damage|p2a: Dragapult|40\/100\n|-hitcount|p2a: Dragapult|3\n|\n|upkeep\n|turn|17\n|\n|t:|1664121470\n|switch|p1a: Heatran|Heatran, M|100\/100\n|-damage|p1a: Heatran|88\/100|[from] Stealth Rock\n|move|p2a: Dragapult|Dragon Darts|p1a: Heatran\n|-resisted|p1a: Heatran\n|-damage|p1a: Heatran|72\/100\n|-anim|p2a: Dragapult|Dragon Darts|p1a: Heatran\n|-resisted|p1a: Heatran\n|-damage|p1a: Heatran|55\/100\n|\n|-heal|p1a: Heatran|61\/100|[from] item: Leftovers\n|upkeep\n|turn|18\n|\n|t:|1664121477\n|move|p2a: Dragapult|Phantom Force||[still]\n|-prepare|p2a: Dragapult|Phantom Force\n|move|p1a: Heatran|Earth Power|p2a: Dragapult|[miss]\n|-miss|p1a: Heatran|p2a: Dragapult\n|\n|-heal|p1a: Heatran|68\/100|[from] item: Leftovers\n|upkeep\n|turn|19\n|\n|t:|1664121483\n|move|p2a: Dragapult|Phantom Force|p1a: Heatran|[from]lockedmove\n|-damage|p1a: Heatran|6\/100\n|move|p1a: Heatran|Earth Power|p2a: Dragapult\n|-damage|p2a: Dragapult|7\/100\n|\n|-heal|p1a: Heatran|12\/100|[from] item: Leftovers\n|upkeep\n|turn|20\n|\n|t:|1664121489\n|move|p2a: Dragapult|Dragon Darts|p1a: Heatran\n|-resisted|p1a: Heatran\n|-damage|p1a: Heatran|0 fnt\n|faint|p1a: Heatran\n|\n|upkeep\n|\n|t:|1664121491\n|switch|p1a: Urshifu|Urshifu-Rapid-Strike, M|82\/100\n|-damage|p1a: Urshifu|76\/100|[from] Stealth Rock\n|turn|21\n|\n|t:|1664121494\n|move|p1a: Urshifu|Aqua Jet|p2a: Dragapult\n|-resisted|p2a: Dragapult\n|-damage|p2a: Dragapult|0 fnt\n|faint|p2a: Dragapult\n|\n|upkeep\n|\n|t:|1664121498\n|switch|p2a: Clefable|Clefable, F|100\/100\n|turn|22\n|\n|t:|1664121512\n|switch|p1a: Nidoking|Nidoking, M|73\/100\n|-damage|p1a: Nidoking|67\/100|[from] Stealth Rock\n|move|p2a: Clefable|Wish|p2a: Clefable\n|\n|upkeep\n|turn|23\n|\n|t:|1664121518\n|move|p1a: Nidoking|Sludge Wave|p2a: Clefable\n|-supereffective|p2a: Clefable\n|-crit|p2a: Clefable\n|-damage|p2a: Clefable|0 fnt\n|faint|p2a: Clefable\n|\n|upkeep\n|\n|t:|1664121521\n|switch|p2a: Heracross|Heracross, M|53\/100 brn\n|-damage|p2a: Heracross|41\/100 brn|[from] Stealth Rock\n|turn|24\n|\n|t:|1664121531\n|move|p1a: Nidoking|Sludge Wave|p2a: Heracross\n|-damage|p2a: Heracross|0 fnt\n|faint|p2a: Heracross\n|\n|win|JeffS69\n|raw|JeffS69's rating: 1613 &rarr; <strong>1633<\/strong><br \/>(+20 for winning)\n|raw|Alu9204's rating: 1620 &rarr; <strong>1600<\/strong><br \/>(-20 for losing)\n|l|\u2606Alu9204\n||Ladder isn't responding, score probably updated but might not have (Request timeout).\n","uploadtime":1664121539,"views":18,"p1id":"jeffs69","p2id":"alu9204","formatid":"gen8ou","rating":1600,"private":0,"password":null}