{"id":"gen8ou-1599258714","p1":"tryhardlegacy","p2":"2(H2O)-Alt","format":"gen8ou","log":"|j|\u2606tryhardlegacy\n|j|\u26062(H2O)-Alt\n|t:|1655590602\n|gametype|singles\n|player|p1|tryhardlegacy|101|1560\n|player|p2|2(H2O)-Alt|lady|1605\n|teamsize|p1|6\n|teamsize|p2|6\n|gen|8\n|tier|[Gen 8] OU\n|rated|\n|rule|Sleep Clause Mod: Limit one foe put to sleep\n|rule|Species Clause: Limit one of each Pok\u00e9mon\n|rule|OHKO Clause: OHKO moves are banned\n|rule|Evasion Moves Clause: Evasion moves are banned\n|rule|Endless Battle Clause: Forcing endless battles is banned\n|rule|HP Percentage Mod: HP is shown in percentages\n|rule|Dynamax Clause: You cannot dynamax\n|clearpoke\n|poke|p1|Heatran, M|\n|poke|p1|Excadrill, M|\n|poke|p1|Tyranitar, F|\n|poke|p1|Tornadus-Therian, M|\n|poke|p1|Tangrowth, M|\n|poke|p1|Dracozolt|\n|poke|p2|Tapu Lele|\n|poke|p2|Victini|\n|poke|p2|Melmetal|\n|poke|p2|Landorus-Therian, M|\n|poke|p2|Urshifu-*, M|\n|poke|p2|Dragonite, M|\n|teampreview\n|\n|t:|1655590632\n|start\n|switch|p1a: Tornadus|Tornadus-Therian, M|100\/100\n|switch|p2a: Landorus|Landorus-Therian, M|100\/100\n|-ability|p2a: Landorus|Intimidate|boost\n|-unboost|p1a: Tornadus|atk|1\n|turn|1\n|inactive|Battle timer is ON: inactive players will automatically lose when time's up. (requested by 2(H2O)-Alt)\n|\n|t:|1655590638\n|move|p1a: Tornadus|Knock Off|p2a: Landorus\n|-damage|p2a: Landorus|88\/100\n|-enditem|p2a: Landorus|Leftovers|[from] move: Knock Off|[of] p1a: Tornadus\n|move|p2a: Landorus|Toxic|p1a: Tornadus\n|-status|p1a: Tornadus|tox\n|\n|-damage|p1a: Tornadus|94\/100 tox|[from] psn\n|upkeep\n|turn|2\n|\n|t:|1655590641\n|move|p1a: Tornadus|U-turn|p2a: Landorus\n|-resisted|p2a: Landorus\n|-damage|p2a: Landorus|83\/100\n|\n|t:|1655590649\n|switch|p1a: Tangrowth|Tangrowth, M|100\/100|[from]move: U-turn\n|move|p2a: Landorus|U-turn|p1a: Tangrowth\n|-supereffective|p1a: Tangrowth\n|-damage|p1a: Tangrowth|77\/100\n|\n|t:|1655590656\n|switch|p2a: Victini|Victini|100\/100|[from]move: U-turn\n|\n|upkeep\n|turn|3\n|\n|t:|1655590661\n|switch|p1a: Fire Gospel|Heatran, M|100\/100\n|-item|p1a: Fire Gospel|Air Balloon\n|move|p2a: Victini|U-turn|p1a: Fire Gospel\n|-resisted|p1a: Fire Gospel\n|-damage|p1a: Fire Gospel|95\/100\n|-enditem|p1a: Fire Gospel|Air Balloon\n|\n|t:|1655590664\n|switch|p2a: Urshifu|Urshifu-Rapid-Strike, M|100\/100|[from]move: U-turn\n|\n|upkeep\n|turn|4\n|\n|t:|1655590669\n|switch|p1a: Tangrowth|Tangrowth, M|100\/100\n|move|p2a: Urshifu|U-turn|p1a: Tangrowth\n|-supereffective|p1a: Tangrowth\n|-damage|p1a: Tangrowth|63\/100\n|\n|t:|1655590672\n|switch|p2a: Victini|Victini|100\/100|[from]move: U-turn\n|\n|upkeep\n|turn|5\n|\n|t:|1655590683\n|switch|p1a: Fire Gospel|Heatran, M|95\/100\n|move|p2a: Victini|Bolt Strike|p1a: Fire Gospel\n|-damage|p1a: Fire Gospel|55\/100\n|\n|upkeep\n|turn|6\n|\n|t:|1655590688\n|move|p2a: Victini|U-turn|p1a: Fire Gospel\n|-resisted|p1a: Fire Gospel\n|-damage|p1a: Fire Gospel|50\/100\n|\n|t:|1655590691\n|switch|p2a: Landorus|Landorus-Therian, M|83\/100|[from]move: U-turn\n|-ability|p2a: Landorus|Intimidate|boost\n|-unboost|p1a: Fire Gospel|atk|1\n|move|p1a: Fire Gospel|Flash Cannon|p2a: Landorus\n|-damage|p2a: Landorus|49\/100\n|\n|upkeep\n|turn|7\n|\n|t:|1655590697\n|move|p1a: Fire Gospel|Magma Storm|p2a: Landorus\n|-damage|p2a: Landorus|4\/100\n|-activate|p2a: Landorus|move: Magma Storm|[of] p1a: Fire Gospel\n|move|p2a: Landorus|Earthquake|p1a: Fire Gospel\n|-supereffective|p1a: Fire Gospel\n|-crit|p1a: Fire Gospel\n|-damage|p1a: Fire Gospel|0 fnt\n|faint|p1a: Fire Gospel\n|\n|-end|p2a: Landorus|Magma Storm|[partiallytrapped]|[silent]\n|upkeep\n|\n|t:|1655590700\n|switch|p1a: Tornadus|Tornadus-Therian, M|100\/100 tox\n|turn|8\n|\n|t:|1655590702\n|move|p1a: Tornadus|U-turn|p2a: Landorus\n|-resisted|p2a: Landorus\n|-damage|p2a: Landorus|0 fnt\n|faint|p2a: Landorus\n|\n|t:|1655590707\n|switch|p1a: Tyranitar|Tyranitar, F|100\/100|[from]move: U-turn\n|-weather|Sandstorm|[from] ability: Sand Stream|[of] p1a: Tyranitar\n|\n|-weather|Sandstorm|[upkeep]\n|upkeep\n|\n|t:|1655590709\n|switch|p2a: Urshifu|Urshifu-Rapid-Strike, M|100\/100\n|turn|9\n|\n|t:|1655590713\n|switch|p1a: Tangrowth|Tangrowth, M|96\/100\n|move|p2a: Urshifu|Close Combat|p1a: Tangrowth\n|-damage|p1a: Tangrowth|49\/100\n|-unboost|p2a: Urshifu|def|1\n|-unboost|p2a: Urshifu|spd|1\n|\n|-weather|Sandstorm|[upkeep]\n|-damage|p2a: Urshifu|94\/100|[from] Sandstorm\n|-damage|p1a: Tangrowth|43\/100|[from] Sandstorm\n|upkeep\n|turn|10\n|\n|t:|1655590719\n|switch|p1a: Tornadus|Tornadus-Therian, M|100\/100 tox\n|move|p2a: Urshifu|Close Combat|p1a: Tornadus\n|-resisted|p1a: Tornadus\n|-damage|p1a: Tornadus|50\/100 tox\n|-unboost|p2a: Urshifu|def|1\n|-unboost|p2a: Urshifu|spd|1\n|\n|-weather|Sandstorm|[upkeep]\n|-damage|p1a: Tornadus|44\/100 tox|[from] Sandstorm\n|-damage|p2a: Urshifu|88\/100|[from] Sandstorm\n|-damage|p1a: Tornadus|38\/100 tox|[from] psn\n|upkeep\n|turn|11\n|\n|t:|1655590725\n|switch|p2a: Melmetal|Melmetal|100\/100\n|move|p1a: Tornadus|U-turn|p2a: Melmetal\n|-resisted|p2a: Melmetal\n|-damage|p2a: Melmetal|97\/100\n|\n|t:|1655590730\n|switch|p1a: Tangrowth|Tangrowth, M|76\/100|[from]move: U-turn\n|\n|-weather|Sandstorm|[upkeep]\n|-damage|p1a: Tangrowth|70\/100|[from] Sandstorm\n|upkeep\n|turn|12\n|\n|t:|1655590736\n|switch|p2a: Victini|Victini|100\/100\n|move|p1a: Tangrowth|Sleep Powder|p2a: Victini\n|-status|p2a: Victini|slp|[from] move: Sleep Powder\n|\n|-weather|Sandstorm|[upkeep]\n|-damage|p2a: Victini|94\/100 slp|[from] Sandstorm\n|-damage|p1a: Tangrowth|64\/100|[from] Sandstorm\n|upkeep\n|turn|13\n|\n|t:|1655590739\n|switch|p1a: Tyranitar|Tyranitar, F|100\/100\n|cant|p2a: Victini|slp\n|\n|-weather|Sandstorm|[upkeep]\n|-damage|p2a: Victini|88\/100 slp|[from] Sandstorm\n|upkeep\n|turn|14\n|\n|t:|1655590741\n|-curestatus|p2a: Victini|slp|[msg]\n|move|p2a: Victini|U-turn|p1a: Tyranitar\n|-supereffective|p1a: Tyranitar\n|-damage|p1a: Tyranitar|67\/100\n|\n|t:|1655590743\n|switch|p2a: Urshifu|Urshifu-Rapid-Strike, M|88\/100|[from]move: U-turn\n|move|p1a: Tyranitar|Stealth Rock|p2a: Urshifu\n|-sidestart|p2: 2(H2O)-Alt|move: Stealth Rock\n|\n|-weather|Sandstorm|[upkeep]\n|-damage|p2a: Urshifu|82\/100|[from] Sandstorm\n|upkeep\n|turn|15\n|\n|t:|1655590749\n|switch|p1a: Tornadus|Tornadus-Therian, M|71\/100 tox\n|move|p2a: Urshifu|U-turn|p1a: Tornadus\n|-resisted|p1a: Tornadus\n|-damage|p1a: Tornadus|52\/100 tox\n|\n|t:|1655590752\n|switch|p2a: Tapu Lele|Tapu Lele|100\/100|[from]move: U-turn\n|-damage|p2a: Tapu Lele|88\/100|[from] Stealth Rock\n|-fieldstart|move: Psychic Terrain|[from] ability: Psychic Surge|[of] p2a: Tapu Lele\n|\n|-weather|none\n|-damage|p1a: Tornadus|46\/100 tox|[from] psn\n|upkeep\n|turn|16\n|\n|t:|1655590758\n|switch|p1a: Tyranitar|Tyranitar, F|67\/100\n|-weather|Sandstorm|[from] ability: Sand Stream|[of] p1a: Tyranitar\n|move|p2a: Tapu Lele|Psyshock|p1a: Tyranitar\n|-immune|p1a: Tyranitar\n|\n|-weather|Sandstorm|[upkeep]\n|-damage|p2a: Tapu Lele|82\/100|[from] Sandstorm\n|upkeep\n|turn|17\n|\n|t:|1655590781\n|switch|p2a: Urshifu|Urshifu-Rapid-Strike, M|82\/100\n|-damage|p2a: Urshifu|76\/100|[from] Stealth Rock\n|move|p1a: Tyranitar|Earthquake|p2a: Urshifu\n|-damage|p2a: Urshifu|48\/100\n|\n|-weather|Sandstorm|[upkeep]\n|-damage|p2a: Urshifu|42\/100|[from] Sandstorm\n|upkeep\n|turn|18\n|inactive|tryhardlegacy has 120 seconds left.\n|\n|t:|1655590826\n|switch|p1a: Tangrowth|Tangrowth, M|97\/100\n|move|p2a: Urshifu|Close Combat|p1a: Tangrowth\n|-damage|p1a: Tangrowth|47\/100\n|-unboost|p2a: Urshifu|def|1\n|-unboost|p2a: Urshifu|spd|1\n|\n|-weather|Sandstorm|[upkeep]\n|-damage|p2a: Urshifu|35\/100|[from] Sandstorm\n|-damage|p1a: Tangrowth|41\/100|[from] Sandstorm\n|upkeep\n|turn|19\n|\n|t:|1655590831\n|switch|p1a: Tornadus|Tornadus-Therian, M|79\/100 tox\n|move|p2a: Urshifu|Close Combat|p1a: Tornadus\n|-resisted|p1a: Tornadus\n|-damage|p1a: Tornadus|32\/100 tox\n|-unboost|p2a: Urshifu|def|1\n|-unboost|p2a: Urshifu|spd|1\n|\n|-weather|Sandstorm|[upkeep]\n|-damage|p1a: Tornadus|26\/100 tox|[from] Sandstorm\n|-damage|p2a: Urshifu|29\/100|[from] Sandstorm\n|-damage|p1a: Tornadus|20\/100 tox|[from] psn\n|-fieldend|move: Psychic Terrain\n|upkeep\n|turn|20\n|\n|t:|1655590836\n|switch|p2a: Melmetal|Melmetal|97\/100\n|-damage|p2a: Melmetal|91\/100|[from] Stealth Rock\n|move|p1a: Tornadus|U-turn|p2a: Melmetal\n|-resisted|p2a: Melmetal\n|-damage|p2a: Melmetal|86\/100\n|\n|t:|1655590840\n|switch|p1a: Diesel|Excadrill, M|100\/100|[from]move: U-turn\n|-item|p1a: Diesel|Air Balloon\n|\n|-weather|Sandstorm|[upkeep]\n|upkeep\n|turn|21\n|\n|t:|1655590846\n|move|p1a: Diesel|Swords Dance|p1a: Diesel\n|-boost|p1a: Diesel|atk|2\n|move|p2a: Melmetal|Ice Punch|p1a: Diesel\n|-damage|p1a: Diesel|54\/100\n|-enditem|p1a: Diesel|Air Balloon\n|\n|-weather|Sandstorm|[upkeep]\n|upkeep\n|turn|22\n|\n|t:|1655590856\n|switch|p2a: Dragonite|Dragonite, M|100\/100\n|move|p1a: Diesel|Earthquake|p2a: Dragonite\n|-immune|p2a: Dragonite\n|\n|-weather|Sandstorm|[upkeep]\n|-damage|p2a: Dragonite|94\/100|[from] Sandstorm\n|upkeep\n|turn|23\n|\n|t:|1655590874\n|switch|p2a: Victini|Victini|88\/100\n|move|p1a: Diesel|Rock Slide|p2a: Victini\n|-supereffective|p2a: Victini\n|-damage|p2a: Victini|0 fnt\n|faint|p2a: Victini\n|\n|-weather|none\n|upkeep\n|\n|t:|1655590875\n|switch|p2a: Urshifu|Urshifu-Rapid-Strike, M|29\/100\n|-damage|p2a: Urshifu|23\/100|[from] Stealth Rock\n|turn|24\n|\n|t:|1655590881\n|switch|p1a: Dracozolt|Dracozolt|100\/100\n|move|p2a: Urshifu|U-turn|p1a: Dracozolt\n|-damage|p1a: Dracozolt|56\/100\n|\n|t:|1655590885\n|switch|p2a: Dragonite|Dragonite, M|94\/100|[from]move: U-turn\n|\n|upkeep\n|turn|25\n|\n|t:|1655590888\n|move|p2a: Dragonite|Dragon Dance|p2a: Dragonite\n|-boost|p2a: Dragonite|atk|1\n|-boost|p2a: Dragonite|spe|1\n|move|p1a: Dracozolt|Draco Meteor|p2a: Dragonite\n|-supereffective|p2a: Dragonite\n|-damage|p2a: Dragonite|0 fnt\n|-unboost|p1a: Dracozolt|spa|2\n|faint|p2a: Dragonite\n|-damage|p1a: Dracozolt|46\/100|[from] item: Life Orb\n|\n|upkeep\n|-message|2(H2O)-Alt forfeited.\n|\n|win|tryhardlegacy\n|raw|tryhardlegacy's rating: 1560 &rarr; <strong>1583<\/strong><br \/>(+23 for winning)\n|raw|2(H2O)-Alt's rating: 1605 &rarr; <strong>1582<\/strong><br \/>(-23 for losing)\n|l|\u26062(H2O)-Alt\n||Ladder isn't responding, score probably updated but might not have (Request timeout).\n","uploadtime":1655590910,"views":73,"p1id":"tryhardlegacy","p2id":"2h2oalt","formatid":"gen8ou","rating":1582,"private":0,"password":null}