{"id":"gen8ou-1371906656","p1":"BestixL","p2":"LT81YL Storm","format":"gen8ou","log":"|raw|<div class=\"broadcast-blue\"><strong>This battle is required to be public due to a player having a name starting with 'lt81yl'.<\/div>\n|j|\u2606BestixL\n|j|\u2606LT81YL Storm\n|t:|1625610491\n|gametype|singles\n|player|p1|BestixL|liza|1933\n|player|p2|LT81YL Storm|bruno|1928\n|teamsize|p1|6\n|teamsize|p2|6\n|gen|8\n|tier|[Gen 8] OU\n|rated|\n|rule|Sleep Clause Mod: Limit one foe put to sleep\n|rule|Species Clause: Limit one of each Pok\u00e9mon\n|rule|OHKO Clause: OHKO moves are banned\n|rule|Evasion Moves Clause: Evasion moves are banned\n|rule|Endless Battle Clause: Forcing endless battles is banned\n|rule|HP Percentage Mod: HP is shown in percentages\n|rule|Dynamax Clause: You cannot dynamax\n|clearpoke\n|poke|p1|Weavile, F|\n|poke|p1|Heatran, M|\n|poke|p1|Tornadus-Therian, M|\n|poke|p1|Toxapex, M|\n|poke|p1|Tapu Koko|\n|poke|p1|Kartana|\n|poke|p2|Kyurem|\n|poke|p2|Melmetal|\n|poke|p2|Tapu Fini|\n|poke|p2|Landorus-Therian, M|\n|poke|p2|Toxtricity, M|\n|poke|p2|Dragonite, M|\n|teampreview\n|j| LT81YL slainey\n|inactive|Battle timer is ON: inactive players will automatically lose when time's up. (requested by BestixL)\n|j| jukzfjf\n|j| Skyrio\n|j| btgfd\n|j| stunnagirl\n|j| bbears_poke\n|j| LT81YL Empo\n|j| hodoku\n|j| OU make me yawn\n|j| Private Koek\n|j| yuygytf\n|j| Down the line\n|\n|t:|1625610520\n|start\n|switch|p1a: the reaper|Heatran, M|100\/100\n|switch|p2a: Enten|Landorus-Therian, M, shiny|100\/100\n|-ability|p2a: Enten|Intimidate|boost\n|-unboost|p1a: the reaper|atk|1\n|turn|1\n|\n|t:|1625610523\n|switch|p1a: no space|Tornadus-Therian, M|100\/100\n|move|p2a: Enten|Earthquake|p1a: no space\n|-immune|p1a: no space\n|\n|upkeep\n|turn|2\n|j| Miwa Kasumi\n|\n|t:|1625610526\n|switch|p2a: Fate|Melmetal, shiny|100\/100\n|move|p1a: no space|Toxic|p2a: Fate\n|-immune|p2a: Fate\n|\n|upkeep\n|turn|3\n|\n|t:|1625610531\n|move|p1a: no space|U-turn|p2a: Fate\n|-resisted|p2a: Fate\n|-damage|p2a: Fate|96\/100\n|\n|t:|1625610533\n|switch|p1a: just friends|Toxapex, M|100\/100|[from]move: U-turn\n|move|p2a: Fate|Double Iron Bash|p1a: just friends\n|-resisted|p1a: just friends\n|-damage|p1a: just friends|87\/100\n|-resisted|p1a: just friends\n|-damage|p1a: just friends|74\/100\n|-hitcount|p1a: just friends|2\n|\n|upkeep\n|turn|4\n|j| satan saves xmas\n|\n|t:|1625610541\n|move|p2a: Fate|Double Iron Bash|p1a: just friends\n|-resisted|p1a: just friends\n|-damage|p1a: just friends|62\/100\n|-resisted|p1a: just friends\n|-damage|p1a: just friends|49\/100\n|-hitcount|p1a: just friends|2\n|move|p1a: just friends|Knock Off|p2a: Fate\n|-damage|p2a: Fate|87\/100\n|-enditem|p2a: Fate|Protective Pads|[from] move: Knock Off|[of] p1a: just friends\n|\n|upkeep\n|turn|5\n|j| sulare\n|j| Lunarr\n|j| benJAMIN536\n|j| croo\n|\n|t:|1625610556\n|move|p2a: Fate|Earthquake|p1a: just friends\n|-supereffective|p1a: just friends\n|-damage|p1a: just friends|4\/100\n|move|p1a: just friends|Recover|p1a: just friends\n|-heal|p1a: just friends|54\/100\n|\n|upkeep\n|turn|6\n|\n|t:|1625610560\n|move|p2a: Fate|Earthquake|p1a: just friends\n|-supereffective|p1a: just friends\n|-damage|p1a: just friends|4\/100\n|move|p1a: just friends|Recover|p1a: just friends\n|-heal|p1a: just friends|55\/100\n|\n|upkeep\n|turn|7\n|j| Amigento1958\n|j| regnite \u25d5\u203f\u25d5\n|\n|t:|1625610563\n|switch|p1a: no space|Tornadus-Therian, M|100\/100\n|move|p2a: Fate|Earthquake|p1a: no space\n|-immune|p1a: no space\n|\n|upkeep\n|turn|8\n|j| Savatini\n|\n|t:|1625610568\n|move|p1a: no space|Heat Wave|p2a: Fate\n|-supereffective|p2a: Fate\n|-damage|p2a: Fate|35\/100\n|move|p2a: Fate|Thunder Punch|p1a: no space\n|-supereffective|p1a: no space\n|-damage|p1a: no space|25\/100\n|\n|upkeep\n|turn|9\n|l| Savatini\n|j| field of stars\n|\n|t:|1625610576\n|move|p1a: no space|Heat Wave|p2a: Fate\n|-supereffective|p2a: Fate\n|-damage|p2a: Fate|0 fnt\n|faint|p2a: Fate\n|\n|upkeep\n|\n|t:|1625610582\n|switch|p2a: Kyotaro|Toxtricity, M, shiny|100\/100\n|turn|10\n|j| burgerCute\n|j| LT81YL Papi'\n|\n|t:|1625610589\n|move|p1a: no space|U-turn|p2a: Kyotaro\n|-resisted|p2a: Kyotaro\n|-damage|p2a: Kyotaro|89\/100\n|l| LT81YL Papi'\n|\n|t:|1625610591\n|switch|p1a: just friends|Toxapex, M|88\/100|[from]move: U-turn\n|move|p2a: Kyotaro|Volt Switch|p1a: just friends\n|-supereffective|p1a: just friends\n|-damage|p1a: just friends|0 fnt\n|faint|p1a: just friends\n|\n|t:|1625610597\n|switch|p2a: Kuken|Kyurem, shiny|100\/100|[from]move: Volt Switch\n|-ability|p2a: Kuken|Pressure\n|\n|upkeep\n|c| benJAMIN536|oof\n|j| Waylaid\n|j| vipersniper96\n|\n|t:|1625610614\n|switch|p1a: Itsuki|Weavile, F|100\/100\n|-ability|p1a: Itsuki|Pressure\n|turn|11\n|\n|t:|1625610619\n|move|p1a: Itsuki|Swords Dance|p1a: Itsuki\n|-boost|p1a: Itsuki|atk|2\n|move|p2a: Kuken|Focus Blast|p1a: Itsuki|[miss]\n|-miss|p2a: Kuken|p1a: Itsuki\n|\n|upkeep\n|turn|12\n|\n|t:|1625610623\n|move|p1a: Itsuki|Low Kick|p2a: Kuken\n|-supereffective|p2a: Kuken\n|-damage|p2a: Kuken|0 fnt\n|faint|p2a: Kuken\n|\n|upkeep\n|\n|t:|1625610626\n|switch|p2a: Raven|Tapu Fini, shiny|100\/100\n|-fieldstart|move: Misty Terrain|[from] ability: Misty Surge|[of] p2a: Raven\n|turn|13\n|\n|t:|1625610631\n|switch|p1a: no space|Tornadus-Therian, M|58\/100\n|move|p2a: Raven|Moonblast|p1a: no space\n|-damage|p1a: no space|18\/100\n|\n|upkeep\n|turn|14\n|\n|t:|1625610636\n|switch|p2a: Enten|Landorus-Therian, M, shiny|100\/100\n|-ability|p2a: Enten|Intimidate|boost\n|-unboost|p1a: no space|atk|1\n|switch|p1a: the reaper|Heatran, M|100\/100\n|\n|upkeep\n|turn|15\n|j| K3NIX0190\n|\n|t:|1625610646\n|switch|p1a: no space|Tornadus-Therian, M|51\/100\n|move|p2a: Enten|Knock Off|p1a: no space\n|-damage|p1a: no space|12\/100\n|-enditem|p1a: no space|Heavy-Duty Boots|[from] move: Knock Off|[of] p2a: Enten\n|\n|upkeep\n|turn|16\n|\n|t:|1625610649\n|move|p2a: Enten|Knock Off|p1a: no space\n|-damage|p1a: no space|0 fnt\n|faint|p1a: no space\n|\n|upkeep\n|\n|t:|1625610653\n|switch|p1a: the reaper|Heatran, M|100\/100\n|turn|17\n|\n|t:|1625610661\n|switch|p2a: Kyotaro|Toxtricity, M, shiny|89\/100\n|move|p1a: the reaper|Stealth Rock|p2a: Kyotaro\n|-sidestart|p2: LT81YL Storm|move: Stealth Rock\n|\n|-fieldend|Misty Terrain\n|upkeep\n|turn|18\n|\n|t:|1625610667\n|move|p2a: Kyotaro|Overdrive|p1a: the reaper\n|-damage|p1a: the reaper|48\/100\n|move|p1a: the reaper|Magma Storm|p2a: Kyotaro|[miss]\n|-miss|p1a: the reaper|p2a: Kyotaro\n|\n|-heal|p1a: the reaper|55\/100|[from] item: Leftovers\n|upkeep\n|turn|19\n|\n|t:|1625610669\n|move|p2a: Kyotaro|Overdrive|p1a: the reaper\n|-damage|p1a: the reaper|5\/100\n|move|p1a: the reaper|Earth Power|p2a: Kyotaro\n|-supereffective|p2a: Kyotaro\n|-damage|p2a: Kyotaro|0 fnt\n|faint|p2a: Kyotaro\n|\n|-heal|p1a: the reaper|12\/100|[from] item: Leftovers\n|upkeep\n|j| Lord_Enz\n|\n|t:|1625610678\n|switch|p2a: Enten|Landorus-Therian, M, shiny|100\/100\n|-damage|p2a: Enten|88\/100|[from] Stealth Rock\n|-ability|p2a: Enten|Intimidate|boost\n|-unboost|p1a: the reaper|atk|1\n|turn|20\n|\n|t:|1625610682\n|move|p2a: Enten|Earthquake|p1a: the reaper\n|-supereffective|p1a: the reaper\n|-damage|p1a: the reaper|0 fnt\n|faint|p1a: the reaper\n|\n|upkeep\n|j| LT81YL balo\n|\n|t:|1625610684\n|switch|p1a: Yotsuba no chikara|Kartana|100\/100\n|turn|21\n|\n|t:|1625610688\n|switch|p2a: Leviathan|Dragonite, M, shiny|100\/100\n|move|p1a: Yotsuba no chikara|Knock Off|p2a: Leviathan\n|-damage|p2a: Leviathan|80\/100\n|-enditem|p2a: Leviathan|Heavy-Duty Boots|[from] move: Knock Off|[of] p1a: Yotsuba no chikara\n|\n|upkeep\n|turn|22\n|\n|t:|1625610698\n|switch|p1a: Itsuki|Weavile, F|100\/100\n|-ability|p1a: Itsuki|Pressure\n|move|p2a: Leviathan|Dragon Dance|p2a: Leviathan\n|-boost|p2a: Leviathan|atk|1\n|-boost|p2a: Leviathan|spe|1\n|\n|upkeep\n|turn|23\n|\n|t:|1625610702\n|switch|p2a: Raven|Tapu Fini, shiny|100\/100\n|-damage|p2a: Raven|88\/100|[from] Stealth Rock\n|-fieldstart|move: Misty Terrain|[from] ability: Misty Surge|[of] p2a: Raven\n|move|p1a: Itsuki|Ice Shard|p2a: Raven\n|-resisted|p2a: Raven\n|-damage|p2a: Raven|77\/100\n|\n|upkeep\n|turn|24\n|\n|t:|1625610712\n|switch|p1a: Yotsuba no chikara|Kartana|100\/100\n|move|p2a: Raven|Moonblast|p1a: Yotsuba no chikara\n|-resisted|p1a: Yotsuba no chikara\n|-damage|p1a: Yotsuba no chikara|36\/100\n|-unboost|p1a: Yotsuba no chikara|spa|1\n|\n|upkeep\n|turn|25\n|\n|t:|1625610717\n|move|p1a: Yotsuba no chikara|Leaf Blade|p2a: Raven\n|-supereffective|p2a: Raven\n|-crit|p2a: Raven\n|-damage|p2a: Raven|0 fnt\n|faint|p2a: Raven\n|-ability|p1a: Yotsuba no chikara|Beast Boost|boost\n|-boost|p1a: Yotsuba no chikara|atk|1\n|\n|upkeep\n|\n|t:|1625610721\n|switch|p2a: Leviathan|Dragonite, M, shiny|80\/100\n|-damage|p2a: Leviathan|55\/100|[from] Stealth Rock\n|turn|26\n|j| LT81YL Veritas\n|j| at titude adjuster\n|j| luckshere\n|\n|t:|1625610733\n|switch|p1a: 2 soon|Tapu Koko|100\/100\n|-fieldstart|move: Electric Terrain|[from] ability: Electric Surge|[of] p1a: 2 soon\n|move|p2a: Leviathan|Roost|p2a: Leviathan\n|-heal|p2a: Leviathan|100\/100\n|-singleturn|p2a: Leviathan|move: Roost\n|\n|upkeep\n|turn|27\n|\n|t:|1625610739\n|move|p1a: 2 soon|Dazzling Gleam|p2a: Leviathan\n|-supereffective|p2a: Leviathan\n|-damage|p2a: Leviathan|70\/100\n|move|p2a: Leviathan|Dragon Dance|p2a: Leviathan\n|-boost|p2a: Leviathan|atk|1\n|-boost|p2a: Leviathan|spe|1\n|\n|upkeep\n|turn|28\n|j| lt81yl raizen\n|\n|t:|1625610744\n|move|p2a: Leviathan|Roost|p2a: Leviathan\n|-heal|p2a: Leviathan|100\/100\n|-singleturn|p2a: Leviathan|move: Roost\n|move|p1a: 2 soon|Dazzling Gleam|p2a: Leviathan\n|-supereffective|p2a: Leviathan\n|-damage|p2a: Leviathan|71\/100\n|\n|upkeep\n|turn|29\n|\n|t:|1625610749\n|move|p2a: Leviathan|Roost|p2a: Leviathan\n|-heal|p2a: Leviathan|100\/100\n|-singleturn|p2a: Leviathan|move: Roost\n|move|p1a: 2 soon|Dazzling Gleam|p2a: Leviathan\n|-supereffective|p2a: Leviathan\n|-damage|p2a: Leviathan|71\/100\n|\n|upkeep\n|turn|30\n|\n|t:|1625610753\n|move|p2a: Leviathan|Roost|p2a: Leviathan\n|-heal|p2a: Leviathan|100\/100\n|-singleturn|p2a: Leviathan|move: Roost\n|move|p1a: 2 soon|Dazzling Gleam|p2a: Leviathan\n|-supereffective|p2a: Leviathan\n|-damage|p2a: Leviathan|71\/100\n|\n|-fieldend|move: Electric Terrain\n|upkeep\n|turn|31\n|\n|t:|1625610755\n|move|p2a: Leviathan|Roost|p2a: Leviathan\n|-heal|p2a: Leviathan|100\/100\n|-singleturn|p2a: Leviathan|move: Roost\n|move|p1a: 2 soon|Dazzling Gleam|p2a: Leviathan\n|-supereffective|p2a: Leviathan\n|-damage|p2a: Leviathan|72\/100\n|\n|upkeep\n|turn|32\n|\n|t:|1625610761\n|move|p2a: Leviathan|Dragon Dance|p2a: Leviathan\n|-boost|p2a: Leviathan|atk|1\n|-boost|p2a: Leviathan|spe|1\n|move|p1a: 2 soon|Dazzling Gleam|p2a: Leviathan\n|-supereffective|p2a: Leviathan\n|-damage|p2a: Leviathan|7\/100\n|\n|upkeep\n|turn|33\n|c|\u2606BestixL|gg and sorry\n|\n|t:|1625610766\n|move|p2a: Leviathan|Dual Wingbeat|p1a: 2 soon\n|-resisted|p1a: 2 soon\n|-damage|p1a: 2 soon|74\/100\n|-resisted|p1a: 2 soon\n|-damage|p1a: 2 soon|48\/100\n|-hitcount|p1a: 2 soon|2\n|move|p1a: 2 soon|Dazzling Gleam|p2a: Leviathan\n|-supereffective|p2a: Leviathan\n|-damage|p2a: Leviathan|0 fnt\n|faint|p2a: Leviathan\n|\n|upkeep\n|\n|t:|1625610769\n|switch|p2a: Enten|Landorus-Therian, M, shiny|88\/100\n|-damage|p2a: Enten|76\/100|[from] Stealth Rock\n|-ability|p2a: Enten|Intimidate|boost\n|-unboost|p1a: 2 soon|atk|1\n|turn|34\n|\n|t:|1625610770\n|move|p2a: Enten|Earthquake|p1a: 2 soon\n|-supereffective|p1a: 2 soon\n|-damage|p1a: 2 soon|0 fnt\n|faint|p1a: 2 soon\n|\n|upkeep\n|\n|t:|1625610772\n|switch|p1a: Itsuki|Weavile, F|100\/100\n|-ability|p1a: Itsuki|Pressure\n|turn|35\n|j| LT81YL Kibo\n|c|\u2606LT81YL Storm|Gg\n|l| yuygytf\n|l| LT81YL Kibo\n|c|\u2606LT81YL Storm|Its whatever\n|l| vipersniper96\n|c|\u2606LT81YL Storm|Used to it lol\n|\n|t:|1625610792\n|move|p1a: Itsuki|Ice Shard|p2a: Enten\n|-supereffective|p2a: Enten\n|-damage|p2a: Enten|0 fnt\n|faint|p2a: Enten\n|\n|win|BestixL\n|raw|BestixL's rating: 1933 &rarr; <strong>1954<\/strong><br \/>(+21 for winning)\n|raw|LT81YL Storm's rating: 1946 &rarr; <strong>1925<\/strong><br \/>(-21 for losing)\n|l| benJAMIN536\n|l|\u2606LT81YL Storm\n|l| Lord_Enz\n|l| bbears_poke\n|j| Rhymeee\n|l| jukzfjf\n|l| Private Koek\n|l| stunnagirl\n|l| satan saves xmas\n|l| sulare\n|j| mustardmansreturn\n|l| Amigento1958\n|l| LT81YL Veritas\n|l| luckshere\n|l| Rhymeee\n|l| croo\n|l| Down the line\n||Ladder isn't responding, score probably updated but might not have (Request timeout).\n","uploadtime":1625610797,"views":186,"p1id":"bestixl","p2id":"lt81ylstorm","formatid":"gen8ou","rating":1925,"private":0,"password":null}