{"id":"gen8ou-1364245231","p1":"not mb","p2":"UnzipsCrogre","format":"gen8ou","log":"|j|\u203dnot mb\n|j|\u2606UnzipsCrogre\n|t:|1624500853\n|gametype|singles\n|player|p1|not mb|#ssdbushmasters|1970\n|player|p2|UnzipsCrogre|1|1832\n|teamsize|p1|6\n|teamsize|p2|6\n|gen|8\n|tier|[Gen 8] OU\n|rated|\n|rule|Sleep Clause Mod: Limit one foe put to sleep\n|rule|Species Clause: Limit one of each Pok\u00e9mon\n|rule|OHKO Clause: OHKO moves are banned\n|rule|Evasion Moves Clause: Evasion moves are banned\n|rule|Endless Battle Clause: Forcing endless battles is banned\n|rule|HP Percentage Mod: HP is shown in percentages\n|rule|Dynamax Clause: You cannot dynamax\n|clearpoke\n|poke|p1|Tapu Lele|\n|poke|p1|Landorus-Therian, M|\n|poke|p1|Zapdos|\n|poke|p1|Volcanion|\n|poke|p1|Dragapult, M|\n|poke|p1|Melmetal|\n|poke|p2|Hatterene, F|\n|poke|p2|Melmetal|\n|poke|p2|Porygon2|\n|poke|p2|Marowak-Alola, M|\n|poke|p2|Cresselia, F|\n|poke|p2|Conkeldurr, M|\n|teampreview\n|inactive|Battle timer is ON: inactive players will automatically lose when time's up. (requested by UnzipsCrogre)\n|j| JuaniWallace\n|inactive|not mb has 120 seconds left.\n|j| tytyui\n|j| westcottike\n|j| Rias\n|\n|t:|1624500913\n|start\n|switch|p1a: Landorus|Landorus-Therian, M|100\/100\n|switch|p2a: Marowak|Marowak-Alola, M|100\/100\n|-ability|p1a: Landorus|Intimidate|boost\n|-unboost|p2a: Marowak|atk|1\n|turn|1\n|j| Charl Dunois\n|\n|t:|1624500922\n|switch|p2a: Melmetal|Melmetal|100\/100\n|move|p1a: Landorus|Knock Off|p2a: Melmetal\n|-damage|p2a: Melmetal|85\/100\n|-enditem|p2a: Melmetal|Choice Band|[from] move: Knock Off|[of] p1a: Landorus\n|\n|upkeep\n|turn|2\n|c| Charl Dunois|Not mb\n|\n|t:|1624500933\n|move|p1a: Landorus|U-turn|p2a: Melmetal\n|-resisted|p2a: Melmetal\n|-damage|p2a: Melmetal|79\/100\n|\n|t:|1624500935\n|switch|p1a: Volcanion|Volcanion|100\/100|[from]move: U-turn\n|move|p2a: Melmetal|Ice Punch|p1a: Volcanion\n|-resisted|p1a: Volcanion\n|-damage|p1a: Volcanion|91\/100\n|\n|upkeep\n|turn|3\n|\n|t:|1624500946\n|move|p1a: Volcanion|Flamethrower|p2a: Melmetal\n|-supereffective|p2a: Melmetal\n|-damage|p2a: Melmetal|0 fnt\n|faint|p2a: Melmetal\n|\n|upkeep\n|j| hiye\n|\n|t:|1624500948\n|switch|p2a: Hatterene|Hatterene, F|100\/100\n|turn|4\n|c| Charl Dunois|Reply if you can qual stour\n|\n|t:|1624500952\n|move|p1a: Volcanion|Sludge Bomb|p2a: Hatterene\n|-supereffective|p2a: Hatterene\n|-damage|p2a: Hatterene|31\/100\n|-status|p2a: Hatterene|psn\n|move|p2a: Hatterene|Trick Room|p2a: Hatterene\n|-fieldstart|move: Trick Room|[of] p2a: Hatterene\n|\n|-damage|p2a: Hatterene|19\/100 psn|[from] psn\n|upkeep\n|turn|5\n|c| hiye|Charl Dunois\n|c| Charl Dunois|hiye\n|\n|t:|1624500968\n|move|p2a: Hatterene|Healing Wish|p2a: Hatterene\n|faint|p2a: Hatterene\n|move|p1a: Volcanion|Flamethrower|p2: Hatterene|[notarget]\n|-fail|p1a: Volcanion\n|\n|upkeep\n|c| Rias|i created stour\n|c| Charl Dunois|No reply not mb?\n|\n|t:|1624500978\n|switch|p2a: Marowak|Marowak-Alola, M|100\/100\n|turn|6\n|c| Charl Dunois|Dw qualling stour isnt for everyone\n|c|\u2606UnzipsCrogre|im ass at old gens\n|\n|t:|1624500990\n|move|p2a: Marowak|Poltergeist|p1a: Volcanion\n|-activate|p1a: Volcanion|move: Poltergeist|Heavy-Duty Boots\n|-damage|p1a: Volcanion|6\/100\n|move|p1a: Volcanion|Steam Eruption|p2a: Marowak\n|-supereffective|p2a: Marowak\n|-damage|p2a: Marowak|0 fnt\n|faint|p2a: Marowak\n|\n|upkeep\n|l| tytyui\n|\n|t:|1624500996\n|switch|p2a: Conkeldurr|Conkeldurr, M|100\/100\n|turn|7\n|\n|t:|1624501004\n|switch|p1a: Zapdos|Zapdos|100\/100\n|move|p2a: Conkeldurr|Knock Off|p1a: Zapdos\n|-damage|p1a: Zapdos|68\/100\n|-enditem|p1a: Zapdos|Heavy-Duty Boots|[from] move: Knock Off|[of] p2a: Conkeldurr\n|\n|-status|p2a: Conkeldurr|brn|[from] item: Flame Orb\n|upkeep\n|turn|8\n|\n|t:|1624501015\n|switch|p1a: Dragapult|Dragapult, M|100\/100\n|move|p2a: Conkeldurr|Facade|p1a: Dragapult\n|-immune|p1a: Dragapult\n|\n|-damage|p2a: Conkeldurr|94\/100 brn|[from] brn\n|-fieldend|move: Trick Room\n|upkeep\n|turn|9\n|\n|t:|1624501024\n|move|p1a: Dragapult|U-turn|p2a: Conkeldurr\n|-resisted|p2a: Conkeldurr\n|-damage|p2a: Conkeldurr|80\/100 brn\n|\n|t:|1624501027\n|switch|p1a: Landorus|Landorus-Therian, M|100\/100|[from]move: U-turn\n|-ability|p1a: Landorus|Intimidate|boost\n|-unboost|p2a: Conkeldurr|atk|1\n|move|p2a: Conkeldurr|Knock Off|p1a: Landorus\n|-damage|p1a: Landorus|65\/100\n|-enditem|p1a: Landorus|Leftovers|[from] move: Knock Off|[of] p2a: Conkeldurr\n|\n|-damage|p2a: Conkeldurr|74\/100 brn|[from] brn\n|upkeep\n|turn|10\n|\n|t:|1624501035\n|move|p1a: Landorus|Stealth Rock|p2a: Conkeldurr\n|-sidestart|p2: UnzipsCrogre|move: Stealth Rock\n|move|p2a: Conkeldurr|Close Combat|p1a: Landorus\n|-resisted|p1a: Landorus\n|-damage|p1a: Landorus|33\/100\n|-unboost|p2a: Conkeldurr|def|1\n|-unboost|p2a: Conkeldurr|spd|1\n|\n|-damage|p2a: Conkeldurr|68\/100 brn|[from] brn\n|upkeep\n|turn|11\n|\n|t:|1624501048\n|move|p1a: Landorus|U-turn|p2a: Conkeldurr\n|-resisted|p2a: Conkeldurr\n|-damage|p2a: Conkeldurr|52\/100 brn\n|\n|t:|1624501051\n|switch|p1a: Zapdos|Zapdos|68\/100|[from]move: U-turn\n|move|p2a: Conkeldurr|Knock Off|p1a: Zapdos\n|-damage|p1a: Zapdos|48\/100\n|\n|-damage|p2a: Conkeldurr|46\/100 brn|[from] brn\n|upkeep\n|turn|12\n|c| Charl Dunois|Great cc.\n|\n|t:|1624501055\n|switch|p2a: Porygon2|Porygon2|100\/100\n|-damage|p2a: Porygon2|88\/100|[from] Stealth Rock\n|-ability|p2a: Porygon2|Download|boost\n|-boost|p2a: Porygon2|spa|1\n|move|p1a: Zapdos|Volt Switch|p2a: Porygon2\n|-damage|p2a: Porygon2|69\/100\n|\n|t:|1624501059\n|switch|p1a: Melmetal|Melmetal|100\/100|[from]move: Volt Switch\n|\n|upkeep\n|turn|13\n|j| nyanPls\n|\n|t:|1624501062\n|move|p2a: Porygon2|Thunderbolt|p1a: Melmetal\n|-damage|p1a: Melmetal|64\/100\n|move|p1a: Melmetal|Double Iron Bash|p2a: Porygon2\n|-damage|p2a: Porygon2|41\/100\n|-damage|p2a: Porygon2|11\/100\n|-hitcount|p2a: Porygon2|2\n|\n|-heal|p1a: Melmetal|70\/100|[from] item: Leftovers\n|upkeep\n|turn|14\n|l| nyanPls\n|\n|t:|1624501065\n|move|p2a: Porygon2|Thunderbolt|p1a: Melmetal\n|-damage|p1a: Melmetal|34\/100\n|move|p1a: Melmetal|Double Iron Bash|p2a: Porygon2\n|-damage|p2a: Porygon2|0 fnt\n|faint|p2a: Porygon2\n|-hitcount|p2: Porygon2|1\n|\n|-heal|p1a: Melmetal|40\/100|[from] item: Leftovers\n|upkeep\n|\n|t:|1624501068\n|switch|p2a: Cresselia|Cresselia, F|100\/100\n|-damage|p2a: Cresselia|88\/100|[from] Stealth Rock\n|turn|15\n|\n|t:|1624501071\n|move|p2a: Cresselia|Ice Beam|p1a: Melmetal\n|-resisted|p1a: Melmetal\n|-damage|p1a: Melmetal|33\/100\n|-status|p1a: Melmetal|frz\n|cant|p1a: Melmetal|frz\n|\n|-heal|p1a: Melmetal|39\/100 frz|[from] item: Leftovers\n|upkeep\n|turn|16\n|\n|t:|1624501081\n|-curestatus|p1a: Melmetal|frz|[msg]\n|move|p1a: Melmetal|Toxic|p2a: Cresselia\n|-status|p2a: Cresselia|tox\n|move|p2a: Cresselia|Trick Room|p2a: Cresselia\n|-fieldstart|move: Trick Room|[of] p2a: Cresselia\n|\n|-heal|p1a: Melmetal|45\/100|[from] item: Leftovers\n|-damage|p2a: Cresselia|82\/100 tox|[from] psn\n|upkeep\n|turn|17\n|c| Rias|:\/\n|\n|t:|1624501086\n|switch|p2a: Conkeldurr|Conkeldurr, M|46\/100 brn\n|-heal|p2a: Conkeldurr|100\/100|[from] move: Healing Wish\n|-damage|p2a: Conkeldurr|94\/100|[from] Stealth Rock\n|move|p1a: Melmetal|Double Iron Bash|p2a: Conkeldurr\n|-damage|p2a: Conkeldurr|55\/100\n|-damage|p2a: Conkeldurr|19\/100\n|-hitcount|p2a: Conkeldurr|2\n|\n|-heal|p1a: Melmetal|51\/100|[from] item: Leftovers\n|-status|p2a: Conkeldurr|brn|[from] item: Flame Orb\n|upkeep\n|turn|18\n|\n|t:|1624501095\n|move|p1a: Melmetal|Protect|p1a: Melmetal\n|-singleturn|p1a: Melmetal|Protect\n|move|p2a: Conkeldurr|Knock Off|p1a: Melmetal\n|-activate|p1a: Melmetal|move: Protect\n|\n|-heal|p1a: Melmetal|57\/100|[from] item: Leftovers\n|-damage|p2a: Conkeldurr|13\/100 brn|[from] brn\n|upkeep\n|turn|19\n|j| Noob2021\n|\n|t:|1624501108\n|move|p2a: Conkeldurr|Close Combat|p1a: Melmetal\n|-supereffective|p1a: Melmetal\n|-crit|p1a: Melmetal\n|-damage|p1a: Melmetal|0 fnt\n|-unboost|p2a: Conkeldurr|def|1\n|-unboost|p2a: Conkeldurr|spd|1\n|faint|p1a: Melmetal\n|\n|-damage|p2a: Conkeldurr|7\/100 brn|[from] brn\n|upkeep\n|j| TheMightyDRE\n|\n|t:|1624501121\n|switch|p1a: Dragapult|Dragapult, M|100\/100\n|turn|20\n|\n|t:|1624501123\n|move|p1a: Dragapult|Sucker Punch|p2a: Conkeldurr\n|-resisted|p2a: Conkeldurr\n|-damage|p2a: Conkeldurr|0 fnt\n|faint|p2a: Conkeldurr\n|\n|-fieldend|move: Trick Room\n|upkeep\n|\n|t:|1624501126\n|switch|p2a: Cresselia|Cresselia, F|82\/100 tox\n|-damage|p2a: Cresselia|70\/100 tox|[from] Stealth Rock\n|turn|21\n|\n|t:|1624501130\n|move|p1a: Dragapult|Sucker Punch||[still]\n|-fail|p1a: Dragapult\n|move|p2a: Cresselia|Trick Room|p2a: Cresselia\n|-fieldstart|move: Trick Room|[of] p2a: Cresselia\n|\n|-damage|p2a: Cresselia|64\/100 tox|[from] psn\n|upkeep\n|turn|22\n|\n|t:|1624501133\n|move|p1a: Dragapult|Sucker Punch|p2a: Cresselia\n|-supereffective|p2a: Cresselia\n|-damage|p2a: Cresselia|32\/100 tox\n|move|p2a: Cresselia|Ice Beam|p1a: Dragapult\n|-supereffective|p1a: Dragapult\n|-damage|p1a: Dragapult|56\/100\n|\n|-damage|p2a: Cresselia|19\/100 tox|[from] psn\n|upkeep\n|turn|23\n|\n|t:|1624501138\n|switch|p1a: Zapdos|Zapdos|48\/100\n|move|p2a: Cresselia|Lunar Dance||[still]\n|-fail|p2a: Cresselia\n|\n|-damage|p2a: Cresselia|1\/100 tox|[from] psn\n|upkeep\n|turn|24\n|\n|t:|1624501141\n|move|p2a: Cresselia|Lunar Dance||[still]\n|-fail|p2a: Cresselia\n|move|p1a: Zapdos|Defog|p2a: Cresselia\n|-unboost|p2a: Cresselia|evasion|1\n|-sideend|p2: UnzipsCrogre|Stealth Rock|[from] move: Defog|[of] p1a: Zapdos\n|\n|-damage|p2a: Cresselia|0 fnt|[from] psn\n|faint|p2a: Cresselia\n|\n|win|not mb\n|upkeep\n|raw|not mb's rating: 1970 &rarr; <strong>1982<\/strong><br \/>(+12 for winning)\n|raw|UnzipsCrogre's rating: 1832 &rarr; <strong>1820<\/strong><br \/>(-12 for losing)\n","uploadtime":1624501150,"views":121,"p1id":"notmb","p2id":"unzipscrogre","formatid":"gen8ou","rating":1820,"private":0,"password":null}