{"id":"gen8ou-1579745951","p1":"tanishq1","p2":"leaveamessage","format":"gen8ou","log":"|j|\u2606tanishq1\n|j|\u2606leaveamessage\n|t:|1653146900\n|gametype|singles\n|player|p1|tanishq1|1|1730\n|player|p2|leaveamessage|youngn|1707\n|teamsize|p1|6\n|teamsize|p2|6\n|gen|8\n|tier|[Gen 8] OU\n|rated|\n|rule|Sleep Clause Mod: Limit one foe put to sleep\n|rule|Species Clause: Limit one of each Pok\u00e9mon\n|rule|OHKO Clause: OHKO moves are banned\n|rule|Evasion Moves Clause: Evasion moves are banned\n|rule|Endless Battle Clause: Forcing endless battles is banned\n|rule|HP Percentage Mod: HP is shown in percentages\n|rule|Dynamax Clause: You cannot dynamax\n|clearpoke\n|poke|p1|Zapdos|\n|poke|p1|Kartana|\n|poke|p1|Buzzwole|\n|poke|p1|Garchomp, M|\n|poke|p1|Tyranitar, F|\n|poke|p1|Slowking, M|\n|poke|p2|Garchomp, F|\n|poke|p2|Ferrothorn, F|\n|poke|p2|Clefable, F|\n|poke|p2|Rotom-Wash|\n|poke|p2|Tornadus-Therian, M|\n|poke|p2|Weavile, F|\n|teampreview\n|inactive|Battle timer is ON: inactive players will automatically lose when time's up. (requested by tanishq1)\n|j| 50 at max\n|j| choise band\n|\n|t:|1653146918\n|start\n|switch|p1a: Zapdos|Zapdos|100\/100\n|switch|p2a: Weavile|Weavile, F|100\/100\n|-ability|p2a: Weavile|Pressure\n|turn|1\n|\n|t:|1653146924\n|switch|p1a: Buzzwole|Buzzwole|100\/100\n|move|p2a: Weavile|Triple Axel|p1a: Buzzwole\n|-damage|p1a: Buzzwole|94\/100\n|-damage|p1a: Buzzwole|80\/100\n|-damage|p1a: Buzzwole|59\/100\n|-hitcount|p1a: Buzzwole|3\n|\n|upkeep\n|turn|2\n|\n|t:|1653146933\n|switch|p2a: Clefable|Clefable, F|100\/100\n|move|p1a: Buzzwole|Roost|p1a: Buzzwole\n|-heal|p1a: Buzzwole|100\/100\n|-singleturn|p1a: Buzzwole|move: Roost\n|\n|upkeep\n|turn|3\n|\n|t:|1653146954\n|switch|p1a: Slowking|Slowking, M|100\/100\n|move|p2a: Clefable|Moonblast|p1a: Slowking\n|-damage|p1a: Slowking|75\/100\n|\n|upkeep\n|turn|4\n|n| DA COME UP|50atmax\n|\n|t:|1653146959\n|switch|p2a: Ferrothorn|Ferrothorn, F|100\/100\n|move|p1a: Slowking|Future Sight|p2a: Ferrothorn\n|-start|p1a: Slowking|move: Future Sight\n|\n|upkeep\n|turn|5\n|\n|t:|1653146965\n|move|p2a: Ferrothorn|Knock Off|p1a: Slowking\n|-supereffective|p1a: Slowking\n|-damage|p1a: Slowking|29\/100\n|-enditem|p1a: Slowking|Heavy-Duty Boots|[from] move: Knock Off|[of] p2a: Ferrothorn\n|move|p1a: Slowking|Teleport|p1a: Slowking\n|j| HageverMelech\n|\n|t:|1653146969\n|switch|p1a: Garchomp|Garchomp, M|100\/100|[from]move: Teleport\n|\n|upkeep\n|turn|6\n|l| HageverMelech\n|\n|t:|1653146976\n|move|p1a: Garchomp|Swords Dance|p1a: Garchomp\n|-boost|p1a: Garchomp|atk|2\n|move|p2a: Ferrothorn|Knock Off|p1a: Garchomp\n|-damage|p1a: Garchomp|79\/100\n|-damage|p2a: Ferrothorn|88\/100|[from] ability: Rough Skin|[of] p1a: Garchomp\n|-enditem|p1a: Garchomp|Leftovers|[from] move: Knock Off|[of] p2a: Ferrothorn\n|\n|-end|p2a: Ferrothorn|move: Future Sight\n|-resisted|p2a: Ferrothorn\n|-damage|p2a: Ferrothorn|72\/100\n|upkeep\n|turn|7\n|\n|t:|1653146983\n|switch|p2a: Tornadus|Tornadus-Therian, M|100\/100\n|move|p1a: Garchomp|Scale Shot|p2a: Tornadus\n|-damage|p2a: Tornadus|75\/100\n|-damage|p2a: Tornadus|50\/100\n|-damage|p2a: Tornadus|24\/100\n|-hitcount|p2a: Tornadus|3\n|-unboost|p1a: Garchomp|def|1\n|-boost|p1a: Garchomp|spe|1\n|\n|upkeep\n|turn|8\n|\n|t:|1653146994\n|switch|p2a: Clefable|Clefable, F|100\/100\n|move|p1a: Garchomp|Swords Dance|p1a: Garchomp\n|-boost|p1a: Garchomp|atk|2\n|\n|upkeep\n|turn|9\n|\n|t:|1653147006\n|switch|p2a: Rotom|Rotom-Wash|100\/100\n|move|p1a: Garchomp|Earthquake|p2a: Rotom\n|-immune|p2a: Rotom|[from] ability: Levitate\n|\n|upkeep\n|turn|10\n|\n|t:|1653147009\n|move|p1a: Garchomp|Scale Shot|p2a: Rotom|[miss]\n|-miss|p1a: Garchomp|p2a: Rotom\n|move|p2a: Rotom|Will-O-Wisp|p1a: Garchomp\n|-status|p1a: Garchomp|brn\n|\n|-damage|p1a: Garchomp|73\/100 brn|[from] brn\n|upkeep\n|turn|11\n|\n|t:|1653147015\n|move|p1a: Garchomp|Earthquake|p2a: Rotom\n|-immune|p2a: Rotom|[from] ability: Levitate\n|move|p2a: Rotom|Hydro Pump|p1a: Garchomp|[miss]\n|-miss|p2a: Rotom|p1a: Garchomp\n|\n|-damage|p1a: Garchomp|67\/100 brn|[from] brn\n|upkeep\n|turn|12\n|\n|t:|1653147019\n|move|p1a: Garchomp|Scale Shot|p2a: Rotom\n|-damage|p2a: Rotom|79\/100\n|-crit|p2a: Rotom\n|-damage|p2a: Rotom|50\/100\n|-hitcount|p2a: Rotom|2\n|-unboost|p1a: Garchomp|def|1\n|-boost|p1a: Garchomp|spe|1\n|move|p2a: Rotom|Hydro Pump|p1a: Garchomp\n|-damage|p1a: Garchomp|22\/100 brn\n|\n|-heal|p2a: Rotom|56\/100|[from] item: Leftovers\n|-damage|p1a: Garchomp|16\/100 brn|[from] brn\n|upkeep\n|turn|13\n|\n|t:|1653147025\n|move|p1a: Garchomp|Scale Shot|p2a: Rotom|[miss]\n|-miss|p1a: Garchomp|p2a: Rotom\n|move|p2a: Rotom|Hydro Pump|p1a: Garchomp\n|-damage|p1a: Garchomp|0 fnt\n|faint|p1a: Garchomp\n|\n|-heal|p2a: Rotom|62\/100|[from] item: Leftovers\n|upkeep\n|\n|t:|1653147027\n|switch|p1a: Kartana|Kartana|100\/100\n|turn|14\n|\n|t:|1653147031\n|switch|p2a: Ferrothorn|Ferrothorn, F|72\/100\n|move|p1a: Kartana|Sacred Sword|p2a: Ferrothorn\n|-supereffective|p2a: Ferrothorn\n|-crit|p2a: Ferrothorn\n|-damage|p2a: Ferrothorn|0 fnt\n|-damage|p1a: Kartana|88\/100|[from] ability: Iron Barbs|[of] p2a: Ferrothorn\n|-damage|p1a: Kartana|72\/100|[from] item: Rocky Helmet|[of] p2a: Ferrothorn\n|faint|p2a: Ferrothorn\n|-ability|p1a: Kartana|Beast Boost|boost\n|-boost|p1a: Kartana|atk|1\n|\n|upkeep\n|\n|t:|1653147034\n|switch|p2a: Tornadus|Tornadus-Therian, M|57\/100\n|turn|15\n|\n|t:|1653147036\n|switch|p1a: Zapdos|Zapdos|100\/100\n|move|p2a: Tornadus|Heat Wave|p1a: Zapdos\n|-damage|p1a: Zapdos|75\/100\n|\n|upkeep\n|turn|16\n|\n|t:|1653147041\n|switch|p2a: Clefable|Clefable, F|100\/100\n|move|p1a: Zapdos|Hurricane|p2a: Clefable|[miss]\n|-miss|p1a: Zapdos|p2a: Clefable\n|\n|upkeep\n|turn|17\n|\n|t:|1653147047\n|switch|p1a: Slowking|Slowking, M|62\/100\n|move|p2a: Clefable|Calm Mind|p2a: Clefable\n|-boost|p2a: Clefable|spa|1\n|-boost|p2a: Clefable|spd|1\n|\n|upkeep\n|turn|18\n|\n|t:|1653147050\n|move|p2a: Clefable|Moonblast|p1a: Slowking\n|-damage|p1a: Slowking|25\/100\n|move|p1a: Slowking|Teleport|p1a: Slowking\n|\n|t:|1653147052\n|switch|p1a: Kartana|Kartana|72\/100|[from]move: Teleport\n|\n|upkeep\n|turn|19\n|\n|t:|1653147054\n|switch|p2a: Tornadus|Tornadus-Therian, M|90\/100\n|move|p1a: Kartana|Smart Strike|p2a: Tornadus\n|-damage|p2a: Tornadus|19\/100\n|\n|upkeep\n|turn|20\n|\n|t:|1653147059\n|switch|p1a: Zapdos|Zapdos|75\/100\n|move|p2a: Tornadus|Heat Wave|p1a: Zapdos\n|-damage|p1a: Zapdos|49\/100\n|-status|p1a: Zapdos|brn\n|\n|-damage|p1a: Zapdos|43\/100 brn|[from] brn\n|upkeep\n|turn|21\n|\n|t:|1653147065\n|switch|p2a: Clefable|Clefable, F|100\/100\n|move|p1a: Zapdos|Roost|p1a: Zapdos\n|-heal|p1a: Zapdos|93\/100 brn\n|-singleturn|p1a: Zapdos|move: Roost\n|\n|-damage|p1a: Zapdos|87\/100 brn|[from] brn\n|upkeep\n|turn|22\n|\n|t:|1653147073\n|move|p1a: Zapdos|Volt Switch|p2a: Clefable\n|-damage|p2a: Clefable|68\/100\n|\n|t:|1653147074\n|switch|p1a: Slowking|Slowking, M|58\/100|[from]move: Volt Switch\n|move|p2a: Clefable|Flamethrower|p1a: Slowking\n|-resisted|p1a: Slowking\n|-damage|p1a: Slowking|50\/100\n|\n|upkeep\n|turn|23\n|\n|t:|1653147079\n|switch|p2a: Garchomp|Garchomp, F|100\/100\n|move|p1a: Slowking|Teleport|p1a: Slowking\n|\n|t:|1653147082\n|switch|p1a: Buzzwole|Buzzwole|100\/100|[from]move: Teleport\n|\n|upkeep\n|turn|24\n|\n|t:|1653147086\n|switch|p2a: Clefable|Clefable, F|68\/100\n|switch|p1a: Slowking|Slowking, M|84\/100\n|\n|upkeep\n|turn|25\n|\n|t:|1653147090\n|switch|p2a: Garchomp|Garchomp, F|100\/100\n|move|p1a: Slowking|Teleport|p1a: Slowking\n|\n|t:|1653147094\n|switch|p1a: Buzzwole|Buzzwole|100\/100|[from]move: Teleport\n|\n|upkeep\n|turn|26\n|\n|t:|1653147096\n|switch|p2a: Clefable|Clefable, F|68\/100\n|switch|p1a: Slowking|Slowking, M|100\/100\n|\n|upkeep\n|turn|27\n|\n|t:|1653147100\n|switch|p2a: Rotom|Rotom-Wash|62\/100\n|move|p1a: Slowking|Scald|p2a: Rotom\n|-resisted|p2a: Rotom\n|-damage|p2a: Rotom|51\/100\n|-status|p2a: Rotom|brn\n|\n|-heal|p2a: Rotom|57\/100 brn|[from] item: Leftovers\n|-damage|p2a: Rotom|51\/100 brn|[from] brn\n|upkeep\n|turn|28\n|\n|t:|1653147108\n|move|p2a: Rotom|Pain Split|p1a: Slowking\n|-sethp|p1a: Slowking|70\/100|[from] move: Pain Split|[silent]\n|-sethp|p2a: Rotom|91\/100 brn|[from] move: Pain Split\n|move|p1a: Slowking|Teleport|p1a: Slowking\n|\n|t:|1653147110\n|switch|p1a: Kartana|Kartana|72\/100|[from]move: Teleport\n|\n|-heal|p2a: Rotom|97\/100 brn|[from] item: Leftovers\n|-damage|p2a: Rotom|91\/100 brn|[from] brn\n|upkeep\n|turn|29\n|\n|t:|1653147121\n|switch|p2a: Tornadus|Tornadus-Therian, M|52\/100\n|move|p1a: Kartana|Leaf Blade|p2a: Tornadus\n|-resisted|p2a: Tornadus\n|-damage|p2a: Tornadus|7\/100\n|\n|upkeep\n|turn|30\n|\n|t:|1653147133\n|switch|p2a: Weavile|Weavile, F|100\/100\n|-ability|p2a: Weavile|Pressure\n|switch|p1a: Zapdos|Zapdos|87\/100 brn\n|\n|-damage|p1a: Zapdos|81\/100 brn|[from] brn\n|upkeep\n|turn|31\n|\n|t:|1653147145\n|switch|p1a: Buzzwole|Buzzwole|100\/100\n|move|p2a: Weavile|Triple Axel|p1a: Buzzwole\n|-damage|p1a: Buzzwole|93\/100\n|-damage|p1a: Buzzwole|79\/100\n|-damage|p1a: Buzzwole|57\/100\n|-hitcount|p1a: Buzzwole|3\n|\n|upkeep\n|turn|32\n|\n|t:|1653147155\n|switch|p2a: Tornadus|Tornadus-Therian, M|40\/100\n|move|p1a: Buzzwole|Roost|p1a: Buzzwole\n|-heal|p1a: Buzzwole|100\/100\n|-singleturn|p1a: Buzzwole|move: Roost\n|\n|upkeep\n|turn|33\n|\n|t:|1653147158\n|switch|p1a: Zapdos|Zapdos|81\/100 brn\n|move|p2a: Tornadus|Hurricane|p1a: Zapdos|[miss]\n|-miss|p2a: Tornadus|p1a: Zapdos\n|\n|-damage|p1a: Zapdos|75\/100 brn|[from] brn\n|upkeep\n|turn|34\n|\n|t:|1653147163\n|switch|p2a: Garchomp|Garchomp, F|100\/100\n|move|p1a: Zapdos|Hurricane|p2a: Garchomp|[miss]\n|-miss|p1a: Zapdos|p2a: Garchomp\n|\n|-damage|p1a: Zapdos|69\/100 brn|[from] brn\n|upkeep\n|turn|35\n|\n|t:|1653147168\n|switch|p1a: Buzzwole|Buzzwole|100\/100\n|move|p2a: Garchomp|Stealth Rock|p1a: Buzzwole\n|-sidestart|p1: tanishq1|move: Stealth Rock\n|\n|upkeep\n|turn|36\n|\n|t:|1653147171\n|switch|p2a: Clefable|Clefable, F|68\/100\n|move|p1a: Buzzwole|Ice Punch|p2a: Clefable\n|-damage|p2a: Clefable|50\/100\n|\n|upkeep\n|turn|37\n|\n|t:|1653147177\n|switch|p1a: Kartana|Kartana|72\/100\n|-damage|p1a: Kartana|65\/100|[from] Stealth Rock\n|move|p2a: Clefable|Soft-Boiled|p2a: Clefable\n|-heal|p2a: Clefable|99\/100\n|\n|upkeep\n|turn|38\n|\n|t:|1653147182\n|switch|p2a: Rotom|Rotom-Wash|91\/100 brn\n|move|p1a: Kartana|Smart Strike|p2a: Rotom\n|-resisted|p2a: Rotom\n|-damage|p2a: Rotom|72\/100 brn\n|\n|-heal|p2a: Rotom|78\/100 brn|[from] item: Leftovers\n|-damage|p2a: Rotom|72\/100 brn|[from] brn\n|upkeep\n|turn|39\n|\n|t:|1653147186\n|switch|p1a: Slowking|Slowking, M|100\/100\n|-damage|p1a: Slowking|88\/100|[from] Stealth Rock\n|move|p2a: Rotom|Volt Switch|p1a: Slowking\n|-supereffective|p1a: Slowking\n|-damage|p1a: Slowking|56\/100\n|\n|t:|1653147189\n|switch|p2a: Weavile|Weavile, F|100\/100|[from]move: Volt Switch\n|-ability|p2a: Weavile|Pressure\n|\n|upkeep\n|turn|40\n|\n|t:|1653147192\n|switch|p1a: Buzzwole|Buzzwole|100\/100\n|move|p2a: Weavile|Knock Off|p1a: Buzzwole\n|-resisted|p1a: Buzzwole\n|-damage|p1a: Buzzwole|83\/100\n|-enditem|p1a: Buzzwole|Heavy-Duty Boots|[from] move: Knock Off|[of] p2a: Weavile\n|\n|upkeep\n|turn|41\n|\n|t:|1653147196\n|switch|p2a: Clefable|Clefable, F|99\/100\n|switch|p1a: Zapdos|Zapdos|69\/100 brn\n|\n|-damage|p1a: Zapdos|63\/100 brn|[from] brn\n|upkeep\n|turn|42\n|\n|t:|1653147202\n|switch|p2a: Garchomp|Garchomp, F|100\/100\n|move|p1a: Zapdos|Defog|p2a: Garchomp\n|-unboost|p2a: Garchomp|evasion|1\n|-sideend|p1: tanishq1|Stealth Rock|[from] move: Defog|[of] p1a: Zapdos\n|\n|-damage|p1a: Zapdos|57\/100 brn|[from] brn\n|upkeep\n|turn|43\n|\n|t:|1653147204\n|move|p2a: Garchomp|Stealth Rock|p1a: Zapdos\n|-sidestart|p1: tanishq1|move: Stealth Rock\n|move|p1a: Zapdos|Hurricane|p2a: Garchomp\n|-damage|p2a: Garchomp|45\/100\n|\n|-heal|p2a: Garchomp|51\/100|[from] item: Leftovers\n|-damage|p1a: Zapdos|51\/100 brn|[from] brn\n|upkeep\n|turn|44\n|\n|t:|1653147220\n|switch|p2a: Weavile|Weavile, F|100\/100\n|-ability|p2a: Weavile|Pressure\n|move|p1a: Zapdos|Roost|p1a: Zapdos\n|-heal|p1a: Zapdos|100\/100 brn\n|-singleturn|p1a: Zapdos|move: Roost\n|\n|-damage|p1a: Zapdos|95\/100 brn|[from] brn\n|upkeep\n|turn|45\n|\n|t:|1653147225\n|switch|p1a: Tyranitar|Tyranitar, F|100\/100\n|-damage|p1a: Tyranitar|88\/100|[from] Stealth Rock\n|-weather|Sandstorm|[from] ability: Sand Stream|[of] p1a: Tyranitar\n|move|p2a: Weavile|Triple Axel|p1a: Tyranitar\n|-damage|p1a: Tyranitar|77\/100\n|-hitcount|p1a: Tyranitar|1\n|\n|-weather|Sandstorm|[upkeep]\n|-damage|p2a: Weavile|94\/100|[from] Sandstorm\n|-heal|p1a: Tyranitar|83\/100|[from] item: Leftovers\n|upkeep\n|turn|46\n|inactive|leaveamessage has 120 seconds left.\n|\n|t:|1653147260\n|switch|p2a: Clefable|Clefable, F|99\/100\n|move|p1a: Tyranitar|Stealth Rock|p2a: Clefable\n|-sidestart|p2: leaveamessage|move: Stealth Rock\n|\n|-weather|Sandstorm|[upkeep]\n|-heal|p1a: Tyranitar|89\/100|[from] item: Leftovers\n|upkeep\n|turn|47\n|\n|t:|1653147268\n|switch|p1a: Slowking|Slowking, M|89\/100\n|-damage|p1a: Slowking|77\/100|[from] Stealth Rock\n|move|p2a: Clefable|Moonblast|p1a: Slowking\n|-damage|p1a: Slowking|55\/100\n|\n|-weather|Sandstorm|[upkeep]\n|-damage|p1a: Slowking|49\/100|[from] Sandstorm\n|upkeep\n|turn|48\n|\n|t:|1653147280\n|switch|p2a: Tornadus|Tornadus-Therian, M|73\/100\n|move|p1a: Slowking|Teleport|p1a: Slowking\n|\n|t:|1653147284\n|switch|p1a: Zapdos|Zapdos|95\/100 brn|[from]move: Teleport\n|\n|-weather|Sandstorm|[upkeep]\n|-damage|p2a: Tornadus|67\/100|[from] Sandstorm\n|-damage|p1a: Zapdos|89\/100 brn|[from] Sandstorm\n|-damage|p1a: Zapdos|83\/100 brn|[from] brn\n|upkeep\n|turn|49\n|\n|t:|1653147289\n|switch|p2a: Clefable|Clefable, F|99\/100\n|move|p1a: Zapdos|Hurricane|p2a: Clefable|[miss]\n|-miss|p1a: Zapdos|p2a: Clefable\n|\n|-weather|none\n|-damage|p1a: Zapdos|77\/100 brn|[from] brn\n|upkeep\n|turn|50\n|\n|t:|1653147294\n|move|p1a: Zapdos|Volt Switch|p2a: Clefable\n|-damage|p2a: Clefable|67\/100\n|\n|t:|1653147297\n|switch|p1a: Slowking|Slowking, M|82\/100|[from]move: Volt Switch\n|-damage|p1a: Slowking|70\/100|[from] Stealth Rock\n|move|p2a: Clefable|Flamethrower|p1a: Slowking\n|-resisted|p1a: Slowking\n|-damage|p1a: Slowking|62\/100\n|\n|upkeep\n|turn|51\n|\n|t:|1653147303\n|switch|p2a: Garchomp|Garchomp, F|51\/100\n|-damage|p2a: Garchomp|45\/100|[from] Stealth Rock\n|move|p1a: Slowking|Teleport|p1a: Slowking\n|\n|t:|1653147306\n|switch|p1a: Kartana|Kartana|65\/100|[from]move: Teleport\n|-damage|p1a: Kartana|59\/100|[from] Stealth Rock\n|\n|-heal|p2a: Garchomp|51\/100|[from] item: Leftovers\n|upkeep\n|turn|52\n|\n|t:|1653147315\n|switch|p2a: Tornadus|Tornadus-Therian, M|100\/100\n|move|p1a: Kartana|Knock Off|p2a: Tornadus\n|-damage|p2a: Tornadus|40\/100\n|-enditem|p2a: Tornadus|Heavy-Duty Boots|[from] move: Knock Off|[of] p1a: Kartana\n|\n|upkeep\n|turn|53\n|\n|t:|1653147323\n|switch|p2a: Weavile|Weavile, F|94\/100\n|-damage|p2a: Weavile|70\/100|[from] Stealth Rock\n|-ability|p2a: Weavile|Pressure\n|switch|p1a: Zapdos|Zapdos|77\/100 brn\n|\n|-damage|p1a: Zapdos|71\/100 brn|[from] brn\n|upkeep\n|turn|54\n|\n|t:|1653147327\n|switch|p1a: Tyranitar|Tyranitar, F|89\/100\n|-damage|p1a: Tyranitar|77\/100|[from] Stealth Rock\n|-weather|Sandstorm|[from] ability: Sand Stream|[of] p1a: Tyranitar\n|move|p2a: Weavile|Triple Axel|p1a: Tyranitar\n|-damage|p1a: Tyranitar|66\/100\n|-damage|p1a: Tyranitar|43\/100\n|-damage|p1a: Tyranitar|10\/100\n|-hitcount|p1a: Tyranitar|3\n|\n|-weather|Sandstorm|[upkeep]\n|-damage|p2a: Weavile|63\/100|[from] Sandstorm\n|-heal|p1a: Tyranitar|17\/100|[from] item: Leftovers\n|upkeep\n|turn|55\n|\n|t:|1653147339\n|move|p2a: Weavile|Triple Axel|p1a: Tyranitar\n|-damage|p1a: Tyranitar|5\/100\n|-damage|p1a: Tyranitar|0 fnt\n|faint|p1a: Tyranitar\n|-hitcount|p1: Tyranitar|2\n|\n|-weather|Sandstorm|[upkeep]\n|-damage|p2a: Weavile|57\/100|[from] Sandstorm\n|upkeep\n|\n|t:|1653147342\n|switch|p1a: Buzzwole|Buzzwole|83\/100\n|-damage|p1a: Buzzwole|70\/100|[from] Stealth Rock\n|turn|56\n|\n|t:|1653147345\n|switch|p2a: Clefable|Clefable, F|67\/100\n|move|p1a: Buzzwole|Roost|p1a: Buzzwole\n|-heal|p1a: Buzzwole|100\/100\n|-singleturn|p1a: Buzzwole|move: Roost\n|\n|-weather|Sandstorm|[upkeep]\n|-damage|p1a: Buzzwole|94\/100|[from] Sandstorm\n|upkeep\n|turn|57\n|j| god multiface\n|\n|t:|1653147353\n|switch|p2a: Tornadus|Tornadus-Therian, M|74\/100\n|-damage|p2a: Tornadus|49\/100|[from] Stealth Rock\n|move|p1a: Buzzwole|Close Combat|p2a: Tornadus\n|-resisted|p2a: Tornadus\n|-damage|p2a: Tornadus|20\/100\n|-unboost|p1a: Buzzwole|def|1\n|-unboost|p1a: Buzzwole|spd|1\n|\n|-weather|Sandstorm|[upkeep]\n|-damage|p2a: Tornadus|14\/100|[from] Sandstorm\n|-damage|p1a: Buzzwole|88\/100|[from] Sandstorm\n|upkeep\n|turn|58\n|\n|t:|1653147358\n|switch|p1a: Zapdos|Zapdos|71\/100 brn\n|move|p2a: Tornadus|Hurricane|p1a: Zapdos\n|-resisted|p1a: Zapdos\n|-damage|p1a: Zapdos|49\/100 brn\n|\n|-weather|none\n|-damage|p1a: Zapdos|43\/100 brn|[from] brn\n|upkeep\n|turn|59\n|\n|t:|1653147367\n|switch|p2a: Rotom|Rotom-Wash|72\/100 brn\n|-damage|p2a: Rotom|60\/100 brn|[from] Stealth Rock\n|move|p1a: Zapdos|Roost|p1a: Zapdos\n|-heal|p1a: Zapdos|93\/100 brn\n|-singleturn|p1a: Zapdos|move: Roost\n|\n|-heal|p2a: Rotom|66\/100 brn|[from] item: Leftovers\n|-damage|p1a: Zapdos|87\/100 brn|[from] brn\n|-damage|p2a: Rotom|60\/100 brn|[from] brn\n|upkeep\n|turn|60\n|\n|t:|1653147374\n|move|p1a: Zapdos|Volt Switch|p2a: Rotom\n|-crit|p2a: Rotom\n|-damage|p2a: Rotom|12\/100 brn\n|\n|t:|1653147376\n|switch|p1a: Slowking|Slowking, M|95\/100|[from]move: Volt Switch\n|-damage|p1a: Slowking|83\/100|[from] Stealth Rock\n|move|p2a: Rotom|Pain Split|p1a: Slowking\n|-sethp|p1a: Slowking|46\/100|[from] move: Pain Split|[silent]\n|-sethp|p2a: Rotom|60\/100 brn|[from] move: Pain Split\n|\n|-heal|p2a: Rotom|66\/100 brn|[from] item: Leftovers\n|-damage|p2a: Rotom|60\/100 brn|[from] brn\n|upkeep\n|turn|61\n|\n|t:|1653147385\n|move|p2a: Rotom|Volt Switch|p1a: Slowking\n|-supereffective|p1a: Slowking\n|-damage|p1a: Slowking|16\/100\n|\n|t:|1653147390\n|switch|p2a: Tornadus|Tornadus-Therian, M|47\/100|[from]move: Volt Switch\n|-damage|p2a: Tornadus|22\/100|[from] Stealth Rock\n|move|p1a: Slowking|Slack Off|p1a: Slowking\n|-heal|p1a: Slowking|66\/100\n|\n|upkeep\n|turn|62\n|\n|t:|1653147394\n|move|p2a: Tornadus|U-turn|p1a: Slowking\n|-supereffective|p1a: Slowking\n|-damage|p1a: Slowking|36\/100\n|\n|t:|1653147401\n|switch|p2a: Garchomp|Garchomp, F|51\/100|[from]move: U-turn\n|-damage|p2a: Garchomp|45\/100|[from] Stealth Rock\n|move|p1a: Slowking|Teleport|p1a: Slowking\n|\n|t:|1653147404\n|switch|p1a: Kartana|Kartana|59\/100|[from]move: Teleport\n|-damage|p1a: Kartana|53\/100|[from] Stealth Rock\n|\n|-heal|p2a: Garchomp|51\/100|[from] item: Leftovers\n|upkeep\n|turn|63\n|\n|t:|1653147420\n|move|p1a: Kartana|Leaf Blade|p2a: Garchomp\n|-damage|p2a: Garchomp|0 fnt\n|-damage|p1a: Kartana|41\/100|[from] ability: Rough Skin|[of] p2a: Garchomp\n|faint|p2a: Garchomp\n|-ability|p1a: Kartana|Beast Boost|boost\n|-boost|p1a: Kartana|atk|1\n|\n|upkeep\n|l| DA COME UP\n|\n|t:|1653147424\n|switch|p2a: Weavile|Weavile, F|57\/100\n|-damage|p2a: Weavile|33\/100|[from] Stealth Rock\n|-ability|p2a: Weavile|Pressure\n|turn|64\n|\n|t:|1653147428\n|switch|p1a: Buzzwole|Buzzwole|88\/100\n|-damage|p1a: Buzzwole|76\/100|[from] Stealth Rock\n|move|p2a: Weavile|Triple Axel|p1a: Buzzwole\n|-damage|p1a: Buzzwole|68\/100\n|-damage|p1a: Buzzwole|53\/100\n|-damage|p1a: Buzzwole|32\/100\n|-hitcount|p1a: Buzzwole|3\n|\n|upkeep\n|turn|65\n|\n|t:|1653147437\n|move|p2a: Weavile|Triple Axel|p1a: Buzzwole|[miss]\n|-miss|p2a: Weavile|p1a: Buzzwole\n|move|p1a: Buzzwole|Roost|p1a: Buzzwole\n|-heal|p1a: Buzzwole|82\/100\n|-singleturn|p1a: Buzzwole|move: Roost\n|\n|upkeep\n|turn|66\n|\n|t:|1653147442\n|switch|p2a: Tornadus|Tornadus-Therian, M|55\/100\n|-damage|p2a: Tornadus|30\/100|[from] Stealth Rock\n|switch|p1a: Slowking|Slowking, M|70\/100\n|-damage|p1a: Slowking|57\/100|[from] Stealth Rock\n|\n|upkeep\n|turn|67\n|\n|t:|1653147447\n|move|p2a: Tornadus|Defog|p1a: Slowking\n|-unboost|p1a: Slowking|evasion|1\n|-sideend|p1: tanishq1|Stealth Rock|[from] move: Defog|[of] p2a: Tornadus\n|-sideend|p2: leaveamessage|Stealth Rock|[from] move: Defog|[of] p2a: Tornadus\n|move|p1a: Slowking|Teleport|p1a: Slowking\n|\n|t:|1653147450\n|switch|p1a: Zapdos|Zapdos|87\/100 brn|[from]move: Teleport\n|\n|-damage|p1a: Zapdos|81\/100 brn|[from] brn\n|upkeep\n|turn|68\n|\n|t:|1653147458\n|switch|p2a: Rotom|Rotom-Wash|60\/100 brn\n|move|p1a: Zapdos|Volt Switch|p2a: Rotom\n|-damage|p2a: Rotom|29\/100 brn\n|\n|t:|1653147462\n|switch|p1a: Kartana|Kartana|41\/100|[from]move: Volt Switch\n|\n|-heal|p2a: Rotom|35\/100 brn|[from] item: Leftovers\n|-damage|p2a: Rotom|29\/100 brn|[from] brn\n|upkeep\n|turn|69\n|\n|t:|1653147466\n|switch|p2a: Tornadus|Tornadus-Therian, M|64\/100\n|move|p1a: Kartana|Knock Off|p2a: Tornadus\n|-damage|p2a: Tornadus|18\/100\n|\n|upkeep\n|turn|70\n|\n|t:|1653147472\n|switch|p2a: Weavile|Weavile, F|33\/100\n|-ability|p2a: Weavile|Pressure\n|switch|p1a: Zapdos|Zapdos|81\/100 brn\n|\n|-damage|p1a: Zapdos|75\/100 brn|[from] brn\n|upkeep\n|turn|71\n|\n|t:|1653147475\n|switch|p1a: Buzzwole|Buzzwole|82\/100\n|move|p2a: Weavile|Triple Axel|p1a: Buzzwole\n|-crit|p1a: Buzzwole\n|-damage|p1a: Buzzwole|72\/100\n|-damage|p1a: Buzzwole|58\/100\n|-damage|p1a: Buzzwole|36\/100\n|-hitcount|p1a: Buzzwole|3\n|\n|upkeep\n|turn|72\n|\n|t:|1653147484\n|move|p2a: Weavile|Triple Axel|p1a: Buzzwole\n|-damage|p1a: Buzzwole|28\/100\n|-damage|p1a: Buzzwole|14\/100\n|-damage|p1a: Buzzwole|0 fnt\n|faint|p1a: Buzzwole\n|-hitcount|p1: Buzzwole|3\n|\n|upkeep\n|\n|t:|1653147489\n|switch|p1a: Slowking|Slowking, M|90\/100\n|turn|73\n|\n|t:|1653147493\n|switch|p2a: Rotom|Rotom-Wash|29\/100 brn\n|move|p1a: Slowking|Teleport|p1a: Slowking\n|\n|t:|1653147495\n|switch|p1a: Kartana|Kartana|41\/100|[from]move: Teleport\n|\n|-heal|p2a: Rotom|35\/100 brn|[from] item: Leftovers\n|-damage|p2a: Rotom|29\/100 brn|[from] brn\n|upkeep\n|turn|74\n|\n|t:|1653147500\n|move|p1a: Kartana|Leaf Blade|p2a: Rotom\n|-supereffective|p2a: Rotom\n|-crit|p2a: Rotom\n|-damage|p2a: Rotom|0 fnt\n|faint|p2a: Rotom\n|-ability|p1a: Kartana|Beast Boost|boost\n|-boost|p1a: Kartana|atk|1\n|\n|upkeep\n|\n|t:|1653147503\n|switch|p2a: Weavile|Weavile, F|33\/100\n|-ability|p2a: Weavile|Pressure\n|turn|75\n|\n|t:|1653147505\n|switch|p1a: Zapdos|Zapdos|75\/100 brn\n|move|p2a: Weavile|Knock Off|p1a: Zapdos\n|-damage|p1a: Zapdos|5\/100 brn\n|-enditem|p1a: Zapdos|Heavy-Duty Boots|[from] move: Knock Off|[of] p2a: Weavile\n|\n|-damage|p1a: Zapdos|0 fnt|[from] brn\n|faint|p1a: Zapdos\n|upkeep\n|\n|t:|1653147513\n|switch|p1a: Kartana|Kartana|41\/100\n|turn|76\n|\n|t:|1653147516\n|move|p2a: Weavile|Knock Off|p1a: Kartana\n|-damage|p1a: Kartana|0 fnt\n|-enditem|p1a: Kartana|Choice Band|[from] move: Knock Off|[of] p2a: Weavile\n|faint|p1a: Kartana\n|\n|upkeep\n|-message|tanishq1 forfeited.\n|\n|win|leaveamessage\n|raw|tanishq1's rating: 1730 &rarr; <strong>1709<\/strong><br \/>(-21 for losing)\n|raw|leaveamessage's rating: 1707 &rarr; <strong>1728<\/strong><br \/>(+21 for winning)\n|c|\u2606leaveamessage|gg\n|l|\u2606tanishq1\n||Ladder isn't responding, score probably updated but might not have (Request timeout).\n","uploadtime":1653147558,"views":71,"p1id":"tanishq1","p2id":"leaveamessage","formatid":"gen8ou","rating":1709,"private":0,"password":null}