{"id":"gen8ou-1542638260","p1":"big boss 447","p2":"SuprBallr","format":"gen8ou","log":"|j|\u2606big boss 447\n|j|\u2606SuprBallr\n|t:|1648697526\n|gametype|singles\n|player|p1|big boss 447|harlequin|1703\n|player|p2|SuprBallr|265|1809\n|teamsize|p1|6\n|teamsize|p2|6\n|gen|8\n|tier|[Gen 8] OU\n|rated|\n|rule|Sleep Clause Mod: Limit one foe put to sleep\n|rule|Species Clause: Limit one of each Pok\u00e9mon\n|rule|OHKO Clause: OHKO moves are banned\n|rule|Evasion Moves Clause: Evasion moves are banned\n|rule|Endless Battle Clause: Forcing endless battles is banned\n|rule|HP Percentage Mod: HP is shown in percentages\n|rule|Dynamax Clause: You cannot dynamax\n|clearpoke\n|poke|p1|Gengar, M|\n|poke|p1|Dragapult, F|\n|poke|p1|Blacephalon|\n|poke|p1|Tyranitar, M|\n|poke|p1|Landorus-Therian, M|\n|poke|p1|Melmetal|\n|poke|p2|Buzzwole|\n|poke|p2|Zapdos|\n|poke|p2|Slowking-Galar, F|\n|poke|p2|Keldeo-Resolute|\n|poke|p2|Dragonite, F|\n|poke|p2|Victini|\n|teampreview\n|inactive|Battle timer is ON: inactive players will automatically lose when time's up. (requested by SuprBallr)\n|inactive|big boss 447 also wants the timer to be on.\n|\n|t:|1648697535\n|start\n|switch|p1a: Dragapult|Dragapult, F|100\/100\n|switch|p2a: Victini|Victini|100\/100\n|turn|1\n|\n|t:|1648697542\n|move|p2a: Victini|Trick|p1a: Dragapult\n|-activate|p2a: Victini|move: Trick|[of] p1a: Dragapult\n|-item|p1a: Dragapult|Choice Scarf|[from] move: Trick\n|-item|p2a: Victini|Choice Specs|[from] move: Trick\n|move|p1a: Dragapult|Shadow Ball|p2a: Victini\n|-supereffective|p2a: Victini\n|-damage|p2a: Victini|19\/100\n|\n|upkeep\n|turn|2\n|\n|t:|1648697558\n|switch|p2a: Dragonite|Dragonite, F|100\/100\n|move|p1a: Dragapult|Shadow Ball|p2a: Dragonite\n|-damage|p2a: Dragonite|85\/100\n|\n|upkeep\n|turn|3\n|\n|t:|1648697565\n|switch|p1a: Tyranitar|Tyranitar, M|100\/100\n|-weather|Sandstorm|[from] ability: Sand Stream|[of] p1a: Tyranitar\n|move|p2a: Dragonite|Roost|p2a: Dragonite\n|-heal|p2a: Dragonite|100\/100\n|-singleturn|p2a: Dragonite|move: Roost\n|\n|-weather|Sandstorm|[upkeep]\n|-damage|p2a: Dragonite|94\/100|[from] Sandstorm\n|upkeep\n|turn|4\n|\n|t:|1648697573\n|switch|p2a: Keldeo|Keldeo-Resolute|100\/100\n|move|p1a: Tyranitar|Stone Edge|p2a: Keldeo\n|-resisted|p2a: Keldeo\n|-damage|p2a: Keldeo|57\/100\n|\n|-weather|Sandstorm|[upkeep]\n|-damage|p2a: Keldeo|51\/100|[from] Sandstorm\n|-heal|p2a: Keldeo|57\/100|[from] item: Leftovers\n|upkeep\n|turn|5\n|\n|t:|1648697580\n|switch|p1a: Dragapult|Dragapult, F|100\/100\n|move|p2a: Keldeo|Scald|p1a: Dragapult\n|-resisted|p1a: Dragapult\n|-damage|p1a: Dragapult|75\/100\n|-status|p1a: Dragapult|brn\n|\n|-weather|Sandstorm|[upkeep]\n|-damage|p1a: Dragapult|69\/100 brn|[from] Sandstorm\n|-damage|p2a: Keldeo|51\/100|[from] Sandstorm\n|-heal|p2a: Keldeo|57\/100|[from] item: Leftovers\n|-damage|p1a: Dragapult|63\/100 brn|[from] brn\n|upkeep\n|turn|6\n|\n|t:|1648697600\n|switch|p2a: Dragonite|Dragonite, F|94\/100\n|move|p1a: Dragapult|U-turn|p2a: Dragonite\n|-resisted|p2a: Dragonite\n|-damage|p2a: Dragonite|91\/100\n|\n|t:|1648697603\n|switch|p1a: Landorus|Landorus-Therian, M|100\/100|[from]move: U-turn\n|-ability|p1a: Landorus|Intimidate|boost\n|-unboost|p2a: Dragonite|atk|1\n|\n|-weather|Sandstorm|[upkeep]\n|-damage|p2a: Dragonite|84\/100|[from] Sandstorm\n|upkeep\n|turn|7\n|\n|t:|1648697606\n|switch|p2a: Zapdos|Zapdos|100\/100\n|move|p1a: Landorus|Knock Off|p2a: Zapdos\n|-damage|p2a: Zapdos|79\/100\n|-status|p1a: Landorus|par|[from] ability: Static|[of] p2a: Zapdos\n|-enditem|p2a: Zapdos|Heavy-Duty Boots|[from] move: Knock Off|[of] p1a: Landorus\n|\n|-weather|none\n|upkeep\n|turn|8\n|\n|t:|1648697611\n|move|p2a: Zapdos|Hurricane|p1a: Landorus|[miss]\n|-miss|p2a: Zapdos|p1a: Landorus\n|cant|p1a: Landorus|par\n|\n|upkeep\n|turn|9\n|\n|t:|1648697614\n|move|p2a: Zapdos|Hurricane|p1a: Landorus|[miss]\n|-miss|p2a: Zapdos|p1a: Landorus\n|move|p1a: Landorus|Stealth Rock|p2a: Zapdos\n|-sidestart|p2: SuprBallr|move: Stealth Rock\n|\n|upkeep\n|turn|10\n|\n|t:|1648697617\n|move|p2a: Zapdos|Defog|p1a: Landorus\n|-unboost|p1a: Landorus|evasion|1\n|-sideend|p2: SuprBallr|Stealth Rock|[from] move: Defog|[of] p2a: Zapdos\n|move|p1a: Landorus|U-turn|p2a: Zapdos\n|-resisted|p2a: Zapdos\n|-damage|p2a: Zapdos|72\/100\n|\n|t:|1648697623\n|switch|p1a: Tyranitar|Tyranitar, M|100\/100|[from]move: U-turn\n|-weather|Sandstorm|[from] ability: Sand Stream|[of] p1a: Tyranitar\n|\n|-weather|Sandstorm|[upkeep]\n|-damage|p2a: Zapdos|65\/100|[from] Sandstorm\n|upkeep\n|turn|11\n|\n|t:|1648697628\n|move|p2a: Zapdos|Volt Switch|p1a: Tyranitar\n|-damage|p1a: Tyranitar|83\/100\n|\n|t:|1648697631\n|switch|p2a: Buzzwole|Buzzwole|100\/100|[from]move: Volt Switch\n|move|p1a: Tyranitar|Stone Edge|p2a: Buzzwole\n|-crit|p2a: Buzzwole\n|-damage|p2a: Buzzwole|39\/100\n|\n|-weather|Sandstorm|[upkeep]\n|-damage|p2a: Buzzwole|33\/100|[from] Sandstorm\n|upkeep\n|turn|12\n|\n|t:|1648697647\n|switch|p1a: Landorus|Landorus-Therian, M|100\/100 par\n|-ability|p1a: Landorus|Intimidate|boost\n|-unboost|p2a: Buzzwole|atk|1\n|move|p2a: Buzzwole|Roost|p2a: Buzzwole\n|-heal|p2a: Buzzwole|83\/100\n|-singleturn|p2a: Buzzwole|move: Roost\n|\n|-weather|Sandstorm|[upkeep]\n|-damage|p2a: Buzzwole|76\/100|[from] Sandstorm\n|upkeep\n|turn|13\n|\n|t:|1648697652\n|move|p2a: Buzzwole|Ice Punch|p1a: Landorus\n|-supereffective|p1a: Landorus\n|-damage|p1a: Landorus|61\/100 par\n|move|p1a: Landorus|Stealth Rock|p2a: Buzzwole\n|-sidestart|p2: SuprBallr|move: Stealth Rock\n|\n|-weather|Sandstorm|[upkeep]\n|-damage|p2a: Buzzwole|70\/100|[from] Sandstorm\n|-heal|p1a: Landorus|67\/100 par|[from] item: Leftovers\n|upkeep\n|turn|14\n|\n|t:|1648697658\n|switch|p2a: Zapdos|Zapdos|65\/100\n|-damage|p2a: Zapdos|40\/100|[from] Stealth Rock\n|move|p1a: Landorus|U-turn|p2a: Zapdos\n|-resisted|p2a: Zapdos\n|-damage|p2a: Zapdos|33\/100\n|\n|t:|1648697664\n|switch|p1a: Blacephalon|Blacephalon|100\/100|[from]move: U-turn\n|\n|-weather|none\n|upkeep\n|turn|15\n|\n|t:|1648697669\n|switch|p2a: Dragonite|Dragonite, F|84\/100\n|move|p1a: Blacephalon|Shadow Ball|p2a: Dragonite\n|-damage|p2a: Dragonite|43\/100\n|\n|upkeep\n|turn|16\n|\n|t:|1648697688\n|move|p1a: Blacephalon|Shadow Ball|p2a: Dragonite\n|-damage|p2a: Dragonite|1\/100\n|move|p2a: Dragonite|Roost|p2a: Dragonite\n|-heal|p2a: Dragonite|51\/100\n|-singleturn|p2a: Dragonite|move: Roost\n|\n|upkeep\n|turn|17\n|\n|t:|1648697694\n|switch|p1a: Tyranitar|Tyranitar, M|83\/100\n|-weather|Sandstorm|[from] ability: Sand Stream|[of] p1a: Tyranitar\n|move|p2a: Dragonite|Earthquake|p1a: Tyranitar\n|-supereffective|p1a: Tyranitar\n|-damage|p1a: Tyranitar|25\/100\n|\n|-weather|Sandstorm|[upkeep]\n|-damage|p2a: Dragonite|45\/100|[from] Sandstorm\n|upkeep\n|turn|18\n|\n|t:|1648697702\n|move|p2a: Dragonite|Earthquake|p1a: Tyranitar\n|-supereffective|p1a: Tyranitar\n|-damage|p1a: Tyranitar|0 fnt\n|faint|p1a: Tyranitar\n|\n|-weather|Sandstorm|[upkeep]\n|-damage|p2a: Dragonite|39\/100|[from] Sandstorm\n|upkeep\n|\n|t:|1648697704\n|switch|p1a: Blacephalon|Blacephalon|100\/100\n|turn|19\n|inactive|SuprBallr has 120 seconds left.\n|\n|t:|1648697736\n|switch|p2a: Zapdos|Zapdos|33\/100\n|-damage|p2a: Zapdos|8\/100|[from] Stealth Rock\n|move|p1a: Blacephalon|Shadow Ball|p2a: Zapdos\n|-damage|p2a: Zapdos|0 fnt\n|faint|p2a: Zapdos\n|-ability|p1a: Blacephalon|Beast Boost|boost\n|-boost|p1a: Blacephalon|spa|1\n|\n|-weather|Sandstorm|[upkeep]\n|-damage|p1a: Blacephalon|94\/100|[from] Sandstorm\n|upkeep\n|inactive|SuprBallr has 120 seconds left.\n|inactive|SuprBallr has 90 seconds left.\n|j| Virus spain\n|\n|t:|1648697791\n|switch|p2a: Slowking|Slowking-Galar, F|100\/100\n|-damage|p2a: Slowking|88\/100|[from] Stealth Rock\n|turn|20\n|\n|t:|1648697793\n|move|p1a: Blacephalon|Shadow Ball|p2a: Slowking\n|-supereffective|p2a: Slowking\n|-damage|p2a: Slowking|24\/100\n|-unboost|p2a: Slowking|spd|1\n|move|p2a: Slowking|Shadow Ball|p1a: Blacephalon\n|-supereffective|p1a: Blacephalon\n|-damage|p1a: Blacephalon|31\/100\n|\n|-weather|Sandstorm|[upkeep]\n|-damage|p1a: Blacephalon|25\/100|[from] Sandstorm\n|-damage|p2a: Slowking|18\/100|[from] Sandstorm\n|upkeep\n|turn|21\n|inactive|SuprBallr has 90 seconds left.\n|\n|t:|1648697802\n|switch|p2a: Victini|Victini|19\/100\n|-damage|p2a: Victini|0 fnt|[from] Stealth Rock\n|faint|p2a: Victini\n|move|p1a: Blacephalon|Shadow Ball|p2: Victini|[notarget]\n|-fail|p1a: Blacephalon\n|\n|-weather|none\n|upkeep\n|c|\u2606big boss 447|gg\n|inactive|SuprBallr has 90 seconds left.\n|\n|t:|1648697818\n|switch|p2a: Keldeo|Keldeo-Resolute|57\/100\n|-damage|p2a: Keldeo|51\/100|[from] Stealth Rock\n|turn|22\n|\n|t:|1648697820\n|move|p1a: Blacephalon|Shadow Ball|p2a: Keldeo\n|-damage|p2a: Keldeo|0 fnt\n|faint|p2a: Keldeo\n|-ability|p1a: Blacephalon|Beast Boost|boost\n|-boost|p1a: Blacephalon|spa|1\n|\n|upkeep\n|c|\u2606SuprBallr|gg\n|j| yyy222\n|\n|t:|1648697823\n|switch|p2a: Slowking|Slowking-Galar, F|51\/100\n|-damage|p2a: Slowking|39\/100|[from] Stealth Rock\n|turn|23\n|\n|t:|1648697826\n|switch|p2a: Dragonite|Dragonite, F|39\/100\n|move|p1a: Blacephalon|Shadow Ball|p2a: Dragonite\n|-damage|p2a: Dragonite|0 fnt\n|faint|p2a: Dragonite\n|-ability|p1a: Blacephalon|Beast Boost|boost\n|-boost|p1a: Blacephalon|spa|1\n|\n|upkeep\n|\n|t:|1648697828\n|switch|p2a: Slowking|Slowking-Galar, F|72\/100\n|-damage|p2a: Slowking|60\/100|[from] Stealth Rock\n|turn|24\n|\n|t:|1648697831\n|switch|p2a: Buzzwole|Buzzwole|70\/100\n|-damage|p2a: Buzzwole|58\/100|[from] Stealth Rock\n|move|p1a: Blacephalon|Shadow Ball|p2a: Buzzwole\n|-damage|p2a: Buzzwole|0 fnt\n|faint|p2a: Buzzwole\n|-ability|p1a: Blacephalon|Beast Boost|boost\n|-boost|p1a: Blacephalon|spa|1\n|\n|upkeep\n|\n|t:|1648697833\n|switch|p2a: Slowking|Slowking-Galar, F|93\/100\n|-damage|p2a: Slowking|80\/100|[from] Stealth Rock\n|turn|25\n|\n|t:|1648697834\n|move|p1a: Blacephalon|Shadow Ball|p2a: Slowking\n|-supereffective|p2a: Slowking\n|-damage|p2a: Slowking|0 fnt\n|faint|p2a: Slowking\n|\n|win|big boss 447\n|raw|big boss 447's rating: 1703 &rarr; <strong>1729<\/strong><br \/>(+26 for winning)\n|raw|SuprBallr's rating: 1809 &rarr; <strong>1783<\/strong><br \/>(-26 for losing)\n|l|\u2606SuprBallr\n|l| yyy222\n","uploadtime":1648697842,"views":39,"p1id":"bigboss447","p2id":"suprballr","formatid":"gen8ou","rating":1729,"private":0,"password":null}