{"id":"gen8ou-1693338867","p1":"Alu9204","p2":"minimax_ai","format":"gen8ou","log":"|html|<div class=\"broadcast-blue\"><strong>[Gen 8] OU is currently suspecting Melmetal! For information on how to participate check out the <a href=\"https:\/\/www.smogon.com\/forums\/threads\/np-ss-ou-suspect-process-round-12-monster-mash.3709234\/\">suspect thread<\/a>.<\/strong><\/div>\n|j|\u2606Alu9204\n|j|\u2606minimax_ai\n|t:|1666591954\n|gametype|singles\n|player|p1|Alu9204|burglar|1449\n|player|p2|minimax_ai|lusamine-nihilego|1464\n|teamsize|p1|6\n|teamsize|p2|6\n|gen|8\n|tier|[Gen 8] OU\n|rated|\n|rule|Sleep Clause Mod: Limit one foe put to sleep\n|rule|Species Clause: Limit one of each Pok\u00e9mon\n|rule|OHKO Clause: OHKO moves are banned\n|rule|Evasion Items Clause: Evasion items are banned\n|rule|Evasion Moves Clause: Evasion moves are banned\n|rule|Endless Battle Clause: Forcing endless battles is banned\n|rule|HP Percentage Mod: HP is shown in percentages\n|rule|Dynamax Clause: You cannot dynamax\n|clearpoke\n|poke|p1|Nidoking, M|\n|poke|p1|Hydreigon, F|\n|poke|p1|Melmetal|\n|poke|p1|Volcarona, F|\n|poke|p1|Urshifu-*, M|\n|poke|p1|Dragapult, M|\n|poke|p2|Rotom-Wash|\n|poke|p2|Weavile, F|\n|poke|p2|Landorus-Therian, M|\n|poke|p2|Heatran, M|\n|poke|p2|Tangrowth, F|\n|poke|p2|Melmetal|\n|teampreview\n|c|\u2606minimax_ai|hf\n|inactive|Battle timer is ON: inactive players will automatically lose when time's up. (requested by minimax_ai)\n|\n|t:|1666591975\n|start\n|switch|p1a: Hydreigon|Hydreigon, F|100\/100\n|switch|p2a: rotomwash|Rotom-Wash|100\/100\n|turn|1\n|\n|t:|1666591982\n|switch|p2a: Melmetal|Melmetal|100\/100\n|move|p1a: Hydreigon|Dark Pulse|p2a: Melmetal\n|-damage|p2a: Melmetal|77\/100\n|\n|upkeep\n|turn|2\n|\n|t:|1666592008\n|switch|p1a: Nidoking|Nidoking, M|100\/100\n|move|p2a: Melmetal|Double Iron Bash|p1a: Nidoking\n|-damage|p1a: Nidoking|42\/100\n|-damage|p1a: Nidoking|0 fnt\n|faint|p1a: Nidoking\n|-hitcount|p1: Nidoking|2\n|\n|upkeep\n|\n|t:|1666592015\n|switch|p1a: Urshifu|Urshifu-Rapid-Strike, M|100\/100\n|turn|3\n|\n|t:|1666592018\n|switch|p2a: Tangrowth|Tangrowth, F|100\/100\n|move|p1a: Urshifu|U-turn|p2a: Tangrowth\n|-supereffective|p2a: Tangrowth\n|-damage|p2a: Tangrowth|59\/100\n|-damage|p1a: Urshifu|84\/100|[from] item: Rocky Helmet|[of] p2a: Tangrowth\n|\n|t:|1666592023\n|switch|p1a: Volcarona|Volcarona, F|100\/100|[from]move: U-turn\n|\n|upkeep\n|turn|4\n|\n|t:|1666592033\n|switch|p1a: Urshifu|Urshifu-Rapid-Strike, M|84\/100\n|switch|p2a: landorustherian|Landorus-Therian, M|100\/100\n|-ability|p2a: landorustherian|Intimidate|boost\n|-unboost|p1a: Urshifu|atk|1\n|\n|upkeep\n|turn|5\n|\n|t:|1666592039\n|switch|p2a: Tangrowth|Tangrowth, F|92\/100\n|move|p1a: Urshifu|U-turn|p2a: Tangrowth\n|-supereffective|p2a: Tangrowth\n|-damage|p2a: Tangrowth|65\/100\n|-damage|p1a: Urshifu|68\/100|[from] item: Rocky Helmet|[of] p2a: Tangrowth\n|\n|t:|1666592043\n|switch|p1a: Dragapult|Dragapult, M|100\/100|[from]move: U-turn\n|\n|upkeep\n|turn|6\n|\n|t:|1666592055\n|switch|p2a: Melmetal|Melmetal|77\/100\n|move|p1a: Dragapult|Shadow Ball|p2a: Melmetal\n|-damage|p2a: Melmetal|45\/100\n|\n|upkeep\n|turn|7\n|\n|t:|1666592068\n|switch|p1a: Melmetal|Melmetal|100\/100\n|move|p2a: Melmetal|Earthquake|p1a: Melmetal\n|-supereffective|p1a: Melmetal\n|-damage|p1a: Melmetal|56\/100\n|\n|upkeep\n|turn|8\n|\n|t:|1666592079\n|switch|p2a: Tangrowth|Tangrowth, F|99\/100\n|move|p1a: Melmetal|Thunder Wave|p2a: Tangrowth\n|-status|p2a: Tangrowth|par\n|\n|upkeep\n|turn|9\n|\n|t:|1666592090\n|switch|p1a: Hydreigon|Hydreigon, F|100\/100\n|move|p2a: Tangrowth|Sleep Powder|p1a: Hydreigon\n|-status|p1a: Hydreigon|slp|[from] move: Sleep Powder\n|\n|upkeep\n|turn|10\n|\n|t:|1666592097\n|switch|p1a: Volcarona|Volcarona, F|100\/100\n|switch|p2a: landorustherian|Landorus-Therian, M|100\/100\n|-ability|p2a: landorustherian|Intimidate|boost\n|-unboost|p1a: Volcarona|atk|1\n|\n|upkeep\n|turn|11\n|\n|t:|1666592106\n|switch|p1a: Hydreigon|Hydreigon, F|100\/100 slp\n|move|p2a: landorustherian|Earthquake|p1a: Hydreigon\n|-immune|p1a: Hydreigon|[from] ability: Levitate\n|\n|upkeep\n|turn|12\n|\n|t:|1666592113\n|cant|p1a: Hydreigon|slp\n|move|p2a: landorustherian|U-turn|p1a: Hydreigon\n|-supereffective|p1a: Hydreigon\n|-damage|p1a: Hydreigon|49\/100 slp\n|\n|t:|1666592114\n|switch|p2a: Weavile|Weavile, F|100\/100|[from]move: U-turn\n|-ability|p2a: Weavile|Pressure\n|\n|upkeep\n|turn|13\n|\n|t:|1666592124\n|switch|p1a: Urshifu|Urshifu-Rapid-Strike, M|68\/100\n|move|p2a: Weavile|Knock Off|p1a: Urshifu\n|-resisted|p1a: Urshifu\n|-damage|p1a: Urshifu|32\/100\n|-enditem|p1a: Urshifu|Choice Band|[from] move: Knock Off|[of] p2a: Weavile\n|\n|upkeep\n|turn|14\n|\n|t:|1666592132\n|switch|p2a: Tangrowth|Tangrowth, F|100\/100 par\n|move|p1a: Urshifu|U-turn|p2a: Tangrowth\n|-supereffective|p2a: Tangrowth\n|-damage|p2a: Tangrowth|76\/100 par\n|-damage|p1a: Urshifu|16\/100|[from] item: Rocky Helmet|[of] p2a: Tangrowth\n|\n|t:|1666592139\n|switch|p1a: Volcarona|Volcarona, F|100\/100|[from]move: U-turn\n|\n|upkeep\n|turn|15\n|\n|t:|1666592147\n|switch|p1a: Melmetal|Melmetal|56\/100\n|switch|p2a: landorustherian|Landorus-Therian, M|100\/100\n|-ability|p2a: landorustherian|Intimidate|boost\n|-unboost|p1a: Melmetal|atk|1\n|\n|upkeep\n|turn|16\n|\n|t:|1666592154\n|switch|p1a: Hydreigon|Hydreigon, F|49\/100 slp\n|move|p2a: landorustherian|U-turn|p1a: Hydreigon\n|-supereffective|p1a: Hydreigon\n|-damage|p1a: Hydreigon|0 fnt\n|faint|p1a: Hydreigon\n|\n|t:|1666592154\n|switch|p2a: Tangrowth|Tangrowth, F|100\/100 par|[from]move: U-turn\n|\n|upkeep\n|\n|t:|1666592160\n|switch|p1a: Dragapult|Dragapult, M|100\/100\n|turn|17\n|\n|t:|1666592164\n|switch|p2a: landorustherian|Landorus-Therian, M|100\/100\n|-ability|p2a: landorustherian|Intimidate|boost\n|-unboost|p1a: Dragapult|atk|1\n|move|p1a: Dragapult|Shadow Ball|p2a: landorustherian\n|-damage|p2a: landorustherian|60\/100\n|\n|-heal|p2a: landorustherian|66\/100|[from] item: Leftovers\n|upkeep\n|turn|18\n|\n|t:|1666592174\n|move|p1a: Dragapult|Shadow Ball|p2a: landorustherian\n|-damage|p2a: landorustherian|26\/100\n|move|p2a: landorustherian|Earthquake|p1a: Dragapult\n|-damage|p1a: Dragapult|30\/100\n|\n|-heal|p2a: landorustherian|32\/100|[from] item: Leftovers\n|upkeep\n|turn|19\n|\n|t:|1666592183\n|switch|p2a: Weavile|Weavile, F|100\/100\n|-ability|p2a: Weavile|Pressure\n|move|p1a: Dragapult|Shadow Ball|p2a: Weavile\n|-resisted|p2a: Weavile\n|-damage|p2a: Weavile|60\/100\n|\n|upkeep\n|turn|20\n|\n|t:|1666592187\n|switch|p1a: Urshifu|Urshifu-Rapid-Strike, M|16\/100\n|move|p2a: Weavile|Knock Off|p1a: Urshifu\n|-resisted|p1a: Urshifu\n|-damage|p1a: Urshifu|0 fnt\n|faint|p1a: Urshifu\n|\n|upkeep\n|\n|t:|1666592197\n|switch|p1a: Volcarona|Volcarona, F|100\/100\n|turn|21\n|\n|t:|1666592204\n|move|p2a: Weavile|Knock Off|p1a: Volcarona\n|-damage|p1a: Volcarona|0 fnt\n|-enditem|p1a: Volcarona|Heavy-Duty Boots|[from] move: Knock Off|[of] p2a: Weavile\n|faint|p1a: Volcarona\n|\n|upkeep\n|-message|Alu9204 forfeited.\n|\n|win|minimax_ai\n|raw|Alu9204's rating: 1449 &rarr; <strong>1430<\/strong><br \/>(-19 for losing)\n|raw|minimax_ai's rating: 1464 &rarr; <strong>1483<\/strong><br \/>(+19 for winning)\n|c|\u2606minimax_ai|gg\n|l|\u2606Alu9204\n","uploadtime":1666592233,"views":7,"p1id":"alu9204","p2id":"minimaxai","formatid":"gen8ou","rating":1430,"private":0,"password":null}