{"id":"gen8ou-1650536347","p1":"Lt94jewhyaddicted","p2":"Buhrito","format":"gen8ou","log":"|raw|<div class=\"broadcast-blue\"><strong>This battle is required to be public due to a player having a name starting with 'lt94je'.<\/div>\n|j|\u2606Lt94jewhyaddicted\n|j|\u2606Buhrito\n|t:|1661721351\n|gametype|singles\n|player|p1|Lt94jewhyaddicted|169|1908\n|player|p2|Buhrito|youngster-gen4dp|1816\n|teamsize|p1|6\n|teamsize|p2|6\n|gen|8\n|tier|[Gen 8] OU\n|rated|\n|rule|Sleep Clause Mod: Limit one foe put to sleep\n|rule|Species Clause: Limit one of each Pok\u00e9mon\n|rule|OHKO Clause: OHKO moves are banned\n|rule|Evasion Items Clause: Evasion items are banned\n|rule|Evasion Moves Clause: Evasion moves are banned\n|rule|Endless Battle Clause: Forcing endless battles is banned\n|rule|HP Percentage Mod: HP is shown in percentages\n|rule|Dynamax Clause: You cannot dynamax\n|clearpoke\n|poke|p1|Landorus-Therian, M|\n|poke|p1|Weavile, M|\n|poke|p1|Heatran, M|\n|poke|p1|Ferrothorn, M|\n|poke|p1|Gengar, M|\n|poke|p1|Dragapult, M|\n|poke|p2|Slowking, M|\n|poke|p2|Buzzwole|\n|poke|p2|Garchomp, F|\n|poke|p2|Tornadus-Therian, M|\n|poke|p2|Melmetal|\n|poke|p2|Tapu Koko|\n|teampreview\n|j| Kroevitz\n|j| LT94JE reje\n|j| LT94JE PHERUSH\n|j| 3d\n|j| isabela000\u25e5\u25b6_\u25c0\u25e4\n|\n|t:|1661721408\n|start\n|switch|p1a: Bandit|Weavile, M, shiny|100\/100\n|switch|p2a: Tornadus|Tornadus-Therian, M|100\/100\n|-ability|p1a: Bandit|Pressure\n|turn|1\n|\n|t:|1661721423\n|switch|p1a: Chaos|Heatran, M|100\/100\n|move|p2a: Tornadus|U-turn|p1a: Chaos\n|-resisted|p1a: Chaos\n|-damage|p1a: Chaos|97\/100\n|\n|t:|1661721427\n|switch|p2a: Garchomp|Garchomp, F|100\/100|[from]move: U-turn\n|\n|upkeep\n|turn|2\n|\n|t:|1661721436\n|switch|p1a: Enten|Landorus-Therian, M, shiny|100\/100\n|-ability|p1a: Enten|Intimidate|boost\n|-unboost|p2a: Garchomp|atk|1\n|move|p2a: Garchomp|Stealth Rock|p1a: Enten\n|-sidestart|p1: Lt94jewhyaddicted|move: Stealth Rock\n|\n|upkeep\n|turn|3\n|\n|t:|1661721445\n|move|p2a: Garchomp|Toxic|p1a: Enten\n|-status|p1a: Enten|tox\n|move|p1a: Enten|Toxic|p2a: Garchomp\n|-status|p2a: Garchomp|tox\n|\n|-damage|p2a: Garchomp|94\/100 tox|[from] psn\n|-damage|p1a: Enten|94\/100 tox|[from] psn\n|upkeep\n|turn|4\n|\n|t:|1661721455\n|switch|p2a: Buzzwole|Buzzwole|100\/100\n|move|p1a: Enten|Defog|p2a: Buzzwole\n|-unboost|p2a: Buzzwole|evasion|1\n|-sideend|p1: Lt94jewhyaddicted|Stealth Rock|[from] move: Defog|[of] p1a: Enten\n|\n|-heal|p1a: Enten|100\/100 tox|[from] item: Leftovers\n|-damage|p1a: Enten|88\/100 tox|[from] psn\n|upkeep\n|turn|5\n|\n|t:|1661721466\n|switch|p1a: Temple|Ferrothorn, M, shiny|100\/100\n|move|p2a: Buzzwole|Close Combat|p1a: Temple\n|-supereffective|p1a: Temple\n|-damage|p1a: Temple|0 fnt\n|-unboost|p2a: Buzzwole|def|1\n|-unboost|p2a: Buzzwole|spd|1\n|-damage|p2a: Buzzwole|88\/100|[from] ability: Iron Barbs|[of] p1a: Temple\n|-damage|p2a: Buzzwole|72\/100|[from] item: Rocky Helmet|[of] p1a: Temple\n|faint|p1a: Temple\n|-ability|p2a: Buzzwole|Beast Boost|boost\n|-boost|p2a: Buzzwole|atk|1\n|\n|upkeep\n|\n|t:|1661721478\n|switch|p1a: Kage|Gengar, M, shiny|100\/100\n|turn|6\n|\n|t:|1661721482\n|switch|p2a: Melmetal|Melmetal|100\/100\n|move|p1a: Kage|Shadow Ball|p2a: Melmetal\n|-damage|p2a: Melmetal|53\/100\n|\n|-heal|p2a: Melmetal|59\/100|[from] item: Leftovers\n|upkeep\n|turn|7\n|\n|t:|1661721492\n|switch|p1a: Chaos|Heatran, M|97\/100\n|move|p2a: Melmetal|Thunder Wave|p1a: Chaos\n|-status|p1a: Chaos|par\n|\n|-heal|p2a: Melmetal|65\/100|[from] item: Leftovers\n|upkeep\n|turn|8\n|inactive|Battle timer is ON: inactive players will automatically lose when time's up. (requested by Buhrito)\n|\n|t:|1661721503\n|move|p2a: Melmetal|Protect|p2a: Melmetal\n|-singleturn|p2a: Melmetal|Protect\n|move|p1a: Chaos|Flamethrower|p2a: Melmetal\n|-activate|p2a: Melmetal|move: Protect\n|\n|-heal|p2a: Melmetal|71\/100|[from] item: Leftovers\n|upkeep\n|turn|9\n|\n|t:|1661721509\n|switch|p1a: Bandit|Weavile, M, shiny|100\/100\n|-ability|p1a: Bandit|Pressure\n|switch|p2a: Slowking|Slowking, M|100\/100\n|\n|upkeep\n|turn|10\n|j| DellaN\n|\n|t:|1661721522\n|switch|p2a: Buzzwole|Buzzwole|72\/100\n|move|p1a: Bandit|Knock Off|p2a: Buzzwole\n|-resisted|p2a: Buzzwole\n|-damage|p2a: Buzzwole|43\/100\n|-enditem|p2a: Buzzwole|Choice Band|[from] move: Knock Off|[of] p1a: Bandit\n|\n|upkeep\n|turn|11\n|l| DellaN\n|\n|t:|1661721533\n|switch|p1a: Kage|Gengar, M, shiny|100\/100\n|move|p2a: Buzzwole|Ice Punch|p1a: Kage\n|-damage|p1a: Kage|39\/100\n|\n|upkeep\n|turn|12\n|inactive|Buhrito has 120 seconds left.\n|\n|t:|1661721568\n|switch|p2a: Tornadus|Tornadus-Therian, M|100\/100\n|move|p1a: Kage|Shadow Ball|p2a: Tornadus\n|-damage|p2a: Tornadus|36\/100\n|-unboost|p2a: Tornadus|spd|1\n|\n|upkeep\n|turn|13\n|\n|t:|1661721591\n|switch|p1a: Chaos|Heatran, M|97\/100 par\n|move|p2a: Tornadus|U-turn|p1a: Chaos\n|-resisted|p1a: Chaos\n|-damage|p1a: Chaos|93\/100 par\n|\n|t:|1661721598\n|switch|p2a: Slowking|Slowking, M|100\/100|[from]move: U-turn\n|\n|upkeep\n|turn|14\n|\n|t:|1661721606\n|switch|p1a: Bandit|Weavile, M, shiny|100\/100\n|-ability|p1a: Bandit|Pressure\n|move|p2a: Slowking|Teleport|p2a: Slowking\n|inactive|Buhrito has 120 seconds left.\n|\n|t:|1661721647\n|switch|p2a: Tapu Koko|Tapu Koko|100\/100|[from]move: Teleport\n|-fieldstart|move: Electric Terrain|[from] ability: Electric Surge|[of] p2a: Tapu Koko\n|\n|upkeep\n|turn|15\n|\n|t:|1661721664\n|move|p2a: Tapu Koko|Nature's Madness|p1a: Bandit\n|-damage|p1a: Bandit|51\/100\n|move|p1a: Bandit|Knock Off|p2a: Tapu Koko\n|-resisted|p2a: Tapu Koko\n|-damage|p2a: Tapu Koko|46\/100\n|-enditem|p2a: Tapu Koko|Heavy-Duty Boots|[from] move: Knock Off|[of] p1a: Bandit\n|\n|upkeep\n|turn|16\n|\n|t:|1661721677\n|switch|p1a: Enten|Landorus-Therian, M, shiny|88\/100 tox\n|-ability|p1a: Enten|Intimidate|boost\n|-unboost|p2a: Tapu Koko|atk|1\n|move|p2a: Tapu Koko|Roost|p2a: Tapu Koko\n|-heal|p2a: Tapu Koko|96\/100\n|-singleturn|p2a: Tapu Koko|move: Roost\n|\n|-heal|p1a: Enten|94\/100 tox|[from] item: Leftovers\n|-damage|p1a: Enten|88\/100 tox|[from] psn\n|upkeep\n|turn|17\n|j| dj2k\n|\n|t:|1661721684\n|move|p2a: Tapu Koko|Nature's Madness|p1a: Enten\n|-damage|p1a: Enten|45\/100 tox\n|move|p1a: Enten|U-turn|p2a: Tapu Koko\n|-resisted|p2a: Tapu Koko\n|-damage|p2a: Tapu Koko|80\/100\n|\n|t:|1661721690\n|switch|p1a: Leviathan|Dragapult, M, shiny|100\/100|[from]move: U-turn\n|\n|upkeep\n|turn|18\n|inactive|Buhrito has 120 seconds left.\n|j| HereForFrens\n|\n|t:|1661721707\n|move|p2a: Tapu Koko|Dazzling Gleam|p1a: Leviathan\n|-supereffective|p1a: Leviathan\n|-damage|p1a: Leviathan|15\/100\n|move|p1a: Leviathan|U-turn|p2a: Tapu Koko\n|-resisted|p2a: Tapu Koko\n|-damage|p2a: Tapu Koko|55\/100\n|inactive|Lt94jewhyaddicted has 120 seconds left.\n|l| dj2k\n|\n|t:|1661721756\n|switch|p1a: Enten|Landorus-Therian, M, shiny|45\/100 tox|[from]move: U-turn\n|-ability|p1a: Enten|Intimidate|boost\n|-unboost|p2a: Tapu Koko|atk|1\n|\n|-heal|p1a: Enten|51\/100 tox|[from] item: Leftovers\n|-damage|p1a: Enten|45\/100 tox|[from] psn\n|-fieldend|move: Electric Terrain\n|upkeep\n|turn|19\n|inactive|Buhrito has 120 seconds left.\n|\n|t:|1661721764\n|switch|p2a: Tornadus|Tornadus-Therian, M|70\/100\n|move|p1a: Enten|U-turn|p2a: Tornadus\n|-resisted|p2a: Tornadus\n|-damage|p2a: Tornadus|58\/100\n|\n|t:|1661721766\n|switch|p1a: Bandit|Weavile, M, shiny|51\/100|[from]move: U-turn\n|-ability|p1a: Bandit|Pressure\n|\n|upkeep\n|turn|20\n|\n|t:|1661721773\n|switch|p2a: Melmetal|Melmetal|71\/100\n|move|p1a: Bandit|Knock Off|p2a: Melmetal\n|-damage|p2a: Melmetal|29\/100\n|-enditem|p2a: Melmetal|Leftovers|[from] move: Knock Off|[of] p1a: Bandit\n|\n|upkeep\n|turn|21\n|j| DellaN\n|l| DellaN\n|inactive|Lt94jewhyaddicted has 120 seconds left.\n|\n|t:|1661721790\n|switch|p1a: Chaos|Heatran, M|93\/100 par\n|move|p2a: Melmetal|Earthquake|p1a: Chaos\n|-supereffective|p1a: Chaos\n|-damage|p1a: Chaos|0 fnt\n|faint|p1a: Chaos\n|\n|upkeep\n|inactive|Lt94jewhyaddicted has 120 seconds left.\n|\n|t:|1661721803\n|switch|p1a: Kage|Gengar, M, shiny|39\/100\n|turn|22\n|\n|t:|1661721806\n|move|p2a: Melmetal|Protect|p2a: Melmetal\n|-singleturn|p2a: Melmetal|Protect\n|move|p1a: Kage|Shadow Ball|p2a: Melmetal\n|-activate|p2a: Melmetal|move: Protect\n|\n|upkeep\n|turn|23\n|inactive|Lt94jewhyaddicted has 120 seconds left.\n|\n|t:|1661721827\n|switch|p2a: Buzzwole|Buzzwole|43\/100\n|move|p1a: Kage|Shadow Ball|p2a: Buzzwole\n|-damage|p2a: Buzzwole|0 fnt\n|faint|p2a: Buzzwole\n|\n|upkeep\n|\n|t:|1661721832\n|switch|p2a: Tornadus|Tornadus-Therian, M|91\/100\n|turn|24\n|inactive|Lt94jewhyaddicted has 120 seconds left.\n|\n|t:|1661721867\n|move|p2a: Tornadus|Knock Off|p1a: Kage\n|-supereffective|p1a: Kage\n|-damage|p1a: Kage|0 fnt\n|-enditem|p1a: Kage|Choice Specs|[from] move: Knock Off|[of] p2a: Tornadus\n|faint|p1a: Kage\n|\n|upkeep\n|-message|Lt94jewhyaddicted forfeited.\n|\n|win|Buhrito\n|raw|Lt94jewhyaddicted's rating: 1908 &rarr; <strong>1883<\/strong><br \/>(-25 for losing)\n|raw|Buhrito's rating: 1816 &rarr; <strong>1841<\/strong><br \/>(+25 for winning)\n","uploadtime":1661721875,"views":45,"p1id":"lt94jewhyaddicted","p2id":"buhrito","formatid":"gen8ou","rating":1841,"private":0,"password":null}