{"id":"gen8ou-1304083013","p1":"rain on meee","p2":"TESLA ROADSTER","format":"gen8ou","log":"|j|\u2606rain on meee\n|j|\u2606TESLA ROADSTER\n|t:|1616087975\n|player|p1|rain on meee|skierf|2039\n|player|p2|TESLA ROADSTER|102|1822\n|teamsize|p1|6\n|teamsize|p2|6\n|gametype|singles\n|gen|8\n|tier|[Gen 8] OU\n|rated|\n|clearpoke\n|poke|p1|Heatran, M|\n|poke|p1|Hydreigon, F|\n|poke|p1|Landorus-Therian, M|\n|poke|p1|Mandibuzz, F|\n|poke|p1|Toxapex, F|\n|poke|p1|Volcarona, F|\n|poke|p2|Pelipper, M|\n|poke|p2|Scizor, F|\n|poke|p2|Rillaboom, F|\n|poke|p2|Seismitoad, F|\n|poke|p2|Tapu Koko|\n|poke|p2|Urshifu-*, F|\n|rule|Sleep Clause Mod: Limit one foe put to sleep\n|rule|Species Clause: Limit one of each Pok\u00e9mon\n|rule|OHKO Clause: OHKO moves are banned\n|rule|Evasion Moves Clause: Evasion moves are banned\n|rule|Endless Battle Clause: Forcing endless battles is banned\n|rule|HP Percentage Mod: HP is shown in percentages\n|rule|Dynamax Clause: You cannot dynamax\n|teampreview\n|inactive|Battle timer is ON: inactive players will automatically lose when time's up. (requested by rain on meee)\n|\n|t:|1616088027\n|start\n|switch|p1a: Toxapex|Toxapex, F|100\/100\n|switch|p2a: Pelipper|Pelipper, M|100\/100\n|-weather|RainDance|[from] ability: Drizzle|[of] p2a: Pelipper\n|turn|1\n|j| Lancer MK\n|\n|t:|1616088040\n|switch|p2a: Scizor|Scizor, F|100\/100\n|move|p1a: Toxapex|Knock Off|p2a: Scizor\n|-damage|p2a: Scizor|85\/100\n|-enditem|p2a: Scizor|Leftovers|[from] move: Knock Off|[of] p1a: Toxapex\n|\n|-weather|RainDance|[upkeep]\n|upkeep\n|turn|2\n|\n|t:|1616088048\n|move|p2a: Scizor|Knock Off|p1a: Toxapex\n|-damage|p1a: Toxapex|82\/100\n|-damage|p2a: Scizor|68\/100|[from] item: Rocky Helmet|[of] p1a: Toxapex\n|-enditem|p1a: Toxapex|Rocky Helmet|[from] move: Knock Off|[of] p2a: Scizor\n|move|p1a: Toxapex|Toxic Spikes|p2a: Scizor\n|-sidestart|p2: TESLA ROADSTER|move: Toxic Spikes\n|\n|-weather|RainDance|[upkeep]\n|upkeep\n|turn|3\n|\n|t:|1616088057\n|move|p2a: Scizor|U-turn|p1a: Toxapex\n|-resisted|p1a: Toxapex\n|-damage|p1a: Toxapex|73\/100\n|\n|t:|1616088059\n|switch|p2a: Pelipper|Pelipper, M|100\/100|[from]move: U-turn\n|move|p1a: Toxapex|Knock Off|p2a: Pelipper\n|-damage|p2a: Pelipper|88\/100\n|-enditem|p2a: Pelipper|Damp Rock|[from] move: Knock Off|[of] p1a: Toxapex\n|\n|-weather|RainDance|[upkeep]\n|upkeep\n|turn|4\n|j| divine pony\n|\n|t:|1616088065\n|move|p2a: Pelipper|Defog|p1a: Toxapex\n|-unboost|p1a: Toxapex|evasion|1\n|-sideend|p2: TESLA ROADSTER|Toxic Spikes|[from] move: Defog|[of] p2a: Pelipper\n|move|p1a: Toxapex|Toxic Spikes|p2a: Pelipper\n|-sidestart|p2: TESLA ROADSTER|move: Toxic Spikes\n|\n|-weather|RainDance|[upkeep]\n|upkeep\n|turn|5\n|\n|t:|1616088069\n|move|p2a: Pelipper|Defog|p1a: Toxapex\n|-unboost|p1a: Toxapex|evasion|1\n|-sideend|p2: TESLA ROADSTER|Toxic Spikes|[from] move: Defog|[of] p2a: Pelipper\n|move|p1a: Toxapex|Toxic Spikes|p2a: Pelipper\n|-sidestart|p2: TESLA ROADSTER|move: Toxic Spikes\n|\n|-weather|RainDance|[upkeep]\n|upkeep\n|turn|6\n|\n|t:|1616088076\n|switch|p1a: Hydreigon|Hydreigon, F|100\/100\n|move|p2a: Pelipper|Defog|p1a: Hydreigon\n|-unboost|p1a: Hydreigon|evasion|1\n|-sideend|p2: TESLA ROADSTER|Toxic Spikes|[from] move: Defog|[of] p2a: Pelipper\n|\n|-weather|RainDance|[upkeep]\n|upkeep\n|turn|7\n|j| Farmland\n|\n|t:|1616088086\n|move|p1a: Hydreigon|Dark Pulse|p2a: Pelipper\n|-damage|p2a: Pelipper|21\/100\n|move|p2a: Pelipper|U-turn|p1a: Hydreigon\n|-supereffective|p1a: Hydreigon\n|-damage|p1a: Hydreigon|81\/100\n|\n|t:|1616088093\n|switch|p2a: Tapu Koko|Tapu Koko|100\/100|[from]move: U-turn\n|-fieldstart|move: Electric Terrain|[from] ability: Electric Surge|[of] p2a: Tapu Koko\n|\n|-weather|RainDance|[upkeep]\n|-heal|p1a: Hydreigon|87\/100|[from] item: Leftovers\n|upkeep\n|turn|8\n|\n|t:|1616088103\n|switch|p1a: Landorus|Landorus-Therian, M|100\/100\n|-ability|p1a: Landorus|Intimidate|boost\n|-unboost|p2a: Tapu Koko|atk|1\n|move|p2a: Tapu Koko|Volt Switch|p1a: Landorus\n|-immune|p1a: Landorus\n|\n|-weather|none\n|upkeep\n|turn|9\n|\n|t:|1616088111\n|switch|p2a: Pelipper|Pelipper, M|21\/100\n|-weather|RainDance|[from] ability: Drizzle|[of] p2a: Pelipper\n|move|p1a: Landorus|Stealth Rock|p2a: Pelipper\n|-sidestart|p2: TESLA ROADSTER|move: Stealth Rock\n|\n|-weather|RainDance|[upkeep]\n|upkeep\n|turn|10\n|\n|t:|1616088120\n|switch|p1a: Toxapex|Toxapex, F|100\/100\n|move|p2a: Pelipper|Roost|p2a: Pelipper\n|-heal|p2a: Pelipper|71\/100\n|-singleturn|p2a: Pelipper|move: Roost\n|\n|-weather|RainDance|[upkeep]\n|upkeep\n|turn|11\n|\n|t:|1616088123\n|move|p2a: Pelipper|Defog|p1a: Toxapex\n|-unboost|p1a: Toxapex|evasion|1\n|-sideend|p2: TESLA ROADSTER|Stealth Rock|[from] move: Defog|[of] p2a: Pelipper\n|-fieldend|move: Electric Terrain\n|move|p1a: Toxapex|Toxic Spikes|p2a: Pelipper\n|-sidestart|p2: TESLA ROADSTER|move: Toxic Spikes\n|\n|-weather|RainDance|[upkeep]\n|upkeep\n|turn|12\n|\n|t:|1616088128\n|move|p2a: Pelipper|Scald|p1a: Toxapex\n|-resisted|p1a: Toxapex\n|-damage|p1a: Toxapex|85\/100\n|-status|p1a: Toxapex|brn\n|move|p1a: Toxapex|Knock Off|p2a: Pelipper\n|-damage|p2a: Pelipper|68\/100\n|\n|-weather|RainDance|[upkeep]\n|-damage|p1a: Toxapex|79\/100 brn|[from] brn\n|upkeep\n|turn|13\n|\n|t:|1616088137\n|switch|p1a: Hydreigon|Hydreigon, F|87\/100\n|move|p2a: Pelipper|Defog|p1a: Hydreigon\n|-unboost|p1a: Hydreigon|evasion|1\n|-sideend|p2: TESLA ROADSTER|Toxic Spikes|[from] move: Defog|[of] p2a: Pelipper\n|\n|-weather|none\n|-heal|p1a: Hydreigon|93\/100|[from] item: Leftovers\n|upkeep\n|turn|14\n|\n|t:|1616088145\n|switch|p2a: Tapu Koko|Tapu Koko|100\/100\n|-fieldstart|move: Electric Terrain|[from] ability: Electric Surge|[of] p2a: Tapu Koko\n|move|p1a: Hydreigon|Dark Pulse|p2a: Tapu Koko\n|-resisted|p2a: Tapu Koko\n|-damage|p2a: Tapu Koko|65\/100\n|\n|-heal|p1a: Hydreigon|99\/100|[from] item: Leftovers\n|upkeep\n|turn|15\n|\n|t:|1616088152\n|switch|p1a: Landorus|Landorus-Therian, M|100\/100\n|-ability|p1a: Landorus|Intimidate|boost\n|-unboost|p2a: Tapu Koko|atk|1\n|move|p2a: Tapu Koko|Volt Switch|p1a: Landorus\n|-immune|p1a: Landorus\n|\n|upkeep\n|turn|16\n|j| Coronavirus EUW\n|\n|t:|1616088155\n|switch|p2a: Pelipper|Pelipper, M|68\/100\n|-weather|RainDance|[from] ability: Drizzle|[of] p2a: Pelipper\n|move|p1a: Landorus|Stealth Rock|p2a: Pelipper\n|-sidestart|p2: TESLA ROADSTER|move: Stealth Rock\n|\n|-weather|RainDance|[upkeep]\n|upkeep\n|turn|17\n|\n|t:|1616088161\n|switch|p1a: Hydreigon|Hydreigon, F|99\/100\n|move|p2a: Pelipper|Defog|p1a: Hydreigon\n|-unboost|p1a: Hydreigon|evasion|1\n|-sideend|p2: TESLA ROADSTER|Stealth Rock|[from] move: Defog|[of] p2a: Pelipper\n|-fieldend|move: Electric Terrain\n|\n|-weather|RainDance|[upkeep]\n|-heal|p1a: Hydreigon|100\/100|[from] item: Leftovers\n|upkeep\n|turn|18\n|\n|t:|1616088170\n|switch|p2a: Tapu Koko|Tapu Koko|65\/100\n|-fieldstart|move: Electric Terrain|[from] ability: Electric Surge|[of] p2a: Tapu Koko\n|move|p1a: Hydreigon|Dark Pulse|p2a: Tapu Koko\n|-resisted|p2a: Tapu Koko\n|-damage|p2a: Tapu Koko|31\/100\n|\n|-weather|RainDance|[upkeep]\n|upkeep\n|turn|19\n|\n|t:|1616088173\n|switch|p1a: Landorus|Landorus-Therian, M|100\/100\n|-ability|p1a: Landorus|Intimidate|boost\n|-unboost|p2a: Tapu Koko|atk|1\n|move|p2a: Tapu Koko|Dazzling Gleam|p1a: Landorus\n|-damage|p1a: Landorus|42\/100\n|\n|-weather|RainDance|[upkeep]\n|upkeep\n|turn|20\n|\n|t:|1616088182\n|switch|p2a: Pelipper|Pelipper, M|68\/100\n|move|p1a: Landorus|Stone Edge|p2a: Pelipper\n|-supereffective|p2a: Pelipper\n|-damage|p2a: Pelipper|21\/100\n|\n|-weather|none\n|upkeep\n|turn|21\n|l| Coronavirus EUW\n|\n|t:|1616088190\n|move|p1a: Landorus|Stone Edge|p2a: Pelipper\n|-supereffective|p2a: Pelipper\n|-damage|p2a: Pelipper|0 fnt\n|faint|p2a: Pelipper\n|\n|upkeep\n|\n|t:|1616088198\n|switch|p2a: Urshifu|Urshifu-Rapid-Strike, F|100\/100\n|turn|22\n|j| andreasmang\n|\n|t:|1616088204\n|switch|p1a: Toxapex|Toxapex, F|100\/100 brn\n|move|p2a: Urshifu|U-turn|p1a: Toxapex\n|-resisted|p1a: Toxapex\n|-damage|p1a: Toxapex|91\/100 brn\n|\n|t:|1616088208\n|switch|p2a: Tapu Koko|Tapu Koko|31\/100|[from]move: U-turn\n|\n|-damage|p1a: Toxapex|85\/100 brn|[from] brn\n|-fieldend|move: Electric Terrain\n|upkeep\n|turn|23\n|\n|t:|1616088213\n|move|p2a: Tapu Koko|Thunder|p1a: Toxapex\n|-supereffective|p1a: Toxapex\n|-damage|p1a: Toxapex|0 fnt\n|faint|p1a: Toxapex\n|\n|upkeep\n|\n|t:|1616088222\n|switch|p1a: Landorus|Landorus-Therian, M|42\/100\n|-ability|p1a: Landorus|Intimidate|boost\n|-unboost|p2a: Tapu Koko|atk|1\n|turn|24\n|\n|t:|1616088232\n|switch|p2a: Scizor|Scizor, F|68\/100\n|move|p1a: Landorus|Stealth Rock|p2a: Scizor\n|-sidestart|p2: TESLA ROADSTER|move: Stealth Rock\n|\n|upkeep\n|turn|25\n|\n|t:|1616088243\n|switch|p1a: Heatran|Heatran, M|100\/100\n|move|p2a: Scizor|U-turn|p1a: Heatran\n|-resisted|p1a: Heatran\n|-damage|p1a: Heatran|94\/100\n|\n|t:|1616088249\n|switch|p2a: Urshifu|Urshifu-Rapid-Strike, F|100\/100|[from]move: U-turn\n|-damage|p2a: Urshifu|94\/100|[from] Stealth Rock\n|\n|-heal|p1a: Heatran|99\/100|[from] item: Leftovers\n|upkeep\n|turn|26\n|\n|t:|1616088272\n|switch|p1a: Landorus|Landorus-Therian, M|42\/100\n|-ability|p1a: Landorus|Intimidate|boost\n|-unboost|p2a: Urshifu|atk|1\n|move|p2a: Urshifu|Close Combat|p1a: Landorus\n|-resisted|p1a: Landorus\n|-damage|p1a: Landorus|18\/100\n|-unboost|p2a: Urshifu|def|1\n|-unboost|p2a: Urshifu|spd|1\n|\n|upkeep\n|turn|27\n|j| neverwantedto\n|\n|t:|1616088282\n|move|p1a: Landorus|U-turn|p2a: Urshifu\n|-resisted|p2a: Urshifu\n|-damage|p2a: Urshifu|77\/100\n|\n|t:|1616088285\n|switch|p1a: Volcarona|Volcarona, F|100\/100|[from]move: U-turn\n|move|p2a: Urshifu|Close Combat|p1a: Volcarona\n|-resisted|p1a: Volcarona\n|-damage|p1a: Volcarona|72\/100\n|-unboost|p2a: Urshifu|def|1\n|-unboost|p2a: Urshifu|spd|1\n|\n|upkeep\n|turn|28\n|j| livin rent free\n|\n|t:|1616088297\n|switch|p2a: Seismitoad|Seismitoad, F|100\/100\n|-damage|p2a: Seismitoad|95\/100|[from] Stealth Rock\n|move|p1a: Volcarona|Flamethrower|p2a: Seismitoad\n|-resisted|p2a: Seismitoad\n|-damage|p2a: Seismitoad|67\/100\n|\n|upkeep\n|turn|29\n|\n|t:|1616088307\n|-singleturn|p2a: Seismitoad|move: Focus Punch\n|move|p1a: Volcarona|Giga Drain|p2a: Seismitoad\n|-supereffective|p2a: Seismitoad\n|-damage|p2a: Seismitoad|0 fnt\n|-heal|p1a: Volcarona|100\/100|[from] drain|[of] p2a: Seismitoad\n|faint|p2a: Seismitoad\n|\n|upkeep\n|\n|t:|1616088314\n|switch|p2a: Urshifu|Urshifu-Rapid-Strike, F|77\/100\n|-damage|p2a: Urshifu|71\/100|[from] Stealth Rock\n|turn|30\n|\n|t:|1616088322\n|switch|p1a: Heatran|Heatran, M|99\/100\n|move|p2a: Urshifu|Surging Strikes|p1a: Heatran\n|-supereffective|p1a: Heatran\n|-crit|p1a: Heatran\n|-damage|p1a: Heatran|63\/100\n|-supereffective|p1a: Heatran\n|-crit|p1a: Heatran\n|-damage|p1a: Heatran|26\/100\n|-supereffective|p1a: Heatran\n|-crit|p1a: Heatran\n|-damage|p1a: Heatran|0 fnt\n|-hitcount|p1a: Heatran|3\n|faint|p1a: Heatran\n|\n|upkeep\n|\n|t:|1616088328\n|switch|p1a: Hydreigon|Hydreigon, F|100\/100\n|turn|31\n|\n|t:|1616088332\n|switch|p2a: Scizor|Scizor, F|68\/100\n|-damage|p2a: Scizor|56\/100|[from] Stealth Rock\n|move|p1a: Hydreigon|Dark Pulse|p2a: Scizor\n|-damage|p2a: Scizor|23\/100\n|\n|upkeep\n|turn|32\n|\n|t:|1616088336\n|move|p1a: Hydreigon|Dark Pulse|p2a: Scizor\n|-damage|p2a: Scizor|0 fnt\n|faint|p2a: Scizor\n|\n|upkeep\n|\n|t:|1616088338\n|switch|p2a: Tapu Koko|Tapu Koko|31\/100\n|-damage|p2a: Tapu Koko|19\/100|[from] Stealth Rock\n|-fieldstart|move: Electric Terrain|[from] ability: Electric Surge|[of] p2a: Tapu Koko\n|turn|33\n|\n|t:|1616088349\n|switch|p1a: Landorus|Landorus-Therian, M|18\/100\n|-ability|p1a: Landorus|Intimidate|boost\n|-unboost|p2a: Tapu Koko|atk|1\n|move|p2a: Tapu Koko|Dazzling Gleam|p1a: Landorus\n|-damage|p1a: Landorus|0 fnt\n|faint|p1a: Landorus\n|\n|upkeep\n|j| Daniextras\n|\n|t:|1616088354\n|switch|p1a: Volcarona|Volcarona, F|100\/100\n|turn|34\n|\n|t:|1616088361\n|switch|p2a: Urshifu|Urshifu-Rapid-Strike, F|71\/100\n|-damage|p2a: Urshifu|65\/100|[from] Stealth Rock\n|move|p1a: Volcarona|Giga Drain|p2a: Urshifu\n|-supereffective|p2a: Urshifu\n|-damage|p2a: Urshifu|0 fnt\n|faint|p2a: Urshifu\n|\n|upkeep\n|j| epsilon_xd\n|-message|TESLA ROADSTER forfeited.\n|\n|win|rain on meee\n|raw|rain on meee's rating: 2039 &rarr; <strong>2048<\/strong><br \/>(+9 for winning)\n|raw|TESLA ROADSTER's rating: 1822 &rarr; <strong>1813<\/strong><br \/>(-9 for losing)\n|l|\u2606TESLA ROADSTER\n|l| neverwantedto\n|l| epsilon_xd\n|l| Farmland\n||Ladder isn't responding, score probably updated but might not have (Request timeout).\n","uploadtime":1616088377,"views":40,"p1id":"rainonmeee","p2id":"teslaroadster","formatid":"gen8ou","rating":1813,"private":0,"password":null}