{"id":"gen8ou-1636647091","p1":"lt92pf gray","p2":"tolstoy","format":"gen8ou","log":"|raw|<div class=\"broadcast-blue\"><strong>This battle is required to be public due to a player having a name starting with 'lt92pf'.<\/div>\n|j|\u2606lt92pf gray\n|j|\u2606tolstoy\n|t:|1660150081\n|gametype|singles\n|player|p1|lt92pf gray|2|1783\n|player|p2|tolstoy|#lax|1830\n|teamsize|p1|6\n|teamsize|p2|6\n|gen|8\n|tier|[Gen 8] OU\n|rated|\n|rule|Sleep Clause Mod: Limit one foe put to sleep\n|rule|Species Clause: Limit one of each Pok\u00e9mon\n|rule|OHKO Clause: OHKO moves are banned\n|rule|Evasion Items Clause: Evasion items are banned\n|rule|Evasion Moves Clause: Evasion moves are banned\n|rule|Endless Battle Clause: Forcing endless battles is banned\n|rule|HP Percentage Mod: HP is shown in percentages\n|rule|Dynamax Clause: You cannot dynamax\n|clearpoke\n|poke|p1|Tapu Lele|\n|poke|p1|Heatran, M|\n|poke|p1|Landorus-Therian, M|\n|poke|p1|Tapu Fini|\n|poke|p1|Weavile, F|\n|poke|p1|Dragonite, F|\n|poke|p2|Gyarados, M|\n|poke|p2|Heatran, F|\n|poke|p2|Ninetales-Alola, M|\n|poke|p2|Polteageist|\n|poke|p2|Zeraora|\n|poke|p2|Corviknight, M|\n|teampreview\n|inactive|Battle timer is ON: inactive players will automatically lose when time's up. (requested by tolstoy)\n|\n|t:|1660150098\n|start\n|switch|p1a: Tapu Fini|Tapu Fini|100\/100\n|switch|p2a: Ninetales|Ninetales-Alola, M|100\/100\n|-fieldstart|move: Misty Terrain|[from] ability: Misty Surge|[of] p1a: Tapu Fini\n|-weather|Hail|[from] ability: Snow Warning|[of] p2a: Ninetales\n|turn|1\n|\n|t:|1660150102\n|move|p1a: Tapu Fini|Trick|p2a: Ninetales\n|-activate|p1a: Tapu Fini|move: Trick|[of] p2a: Ninetales\n|-item|p2a: Ninetales|Choice Scarf|[from] move: Trick\n|-item|p1a: Tapu Fini|Light Clay|[from] move: Trick\n|move|p2a: Ninetales|Aurora Veil|p2a: Ninetales\n|-sidestart|p2: tolstoy|move: Aurora Veil\n|\n|-weather|Hail|[upkeep]\n|-damage|p1a: Tapu Fini|95\/100|[from] Hail\n|upkeep\n|turn|2\n|j| ehrenwerter Enkel\n|j| LT92PF pop smoke\n|j| Tace\n|j| Don Colombus\n|\n|t:|1660150113\n|switch|p2a: Polteageist|Polteageist|100\/100\n|move|p1a: Tapu Fini|Taunt|p2a: Polteageist\n|-start|p2a: Polteageist|move: Taunt\n|\n|-weather|Hail|[upkeep]\n|-damage|p1a: Tapu Fini|89\/100|[from] Hail\n|-damage|p2a: Polteageist|94\/100|[from] Hail\n|upkeep\n|turn|3\n|\n|t:|1660150118\n|switch|p1a: Heatran|Heatran, M|100\/100\n|-item|p1a: Heatran|Air Balloon\n|move|p2a: Polteageist|Shadow Ball|p1a: Heatran\n|-damage|p1a: Heatran|64\/100\n|-enditem|p1a: Heatran|Air Balloon\n|\n|-weather|Hail|[upkeep]\n|-damage|p2a: Polteageist|88\/100|[from] Hail\n|-damage|p1a: Heatran|57\/100|[from] Hail\n|upkeep\n|turn|4\n|\n|t:|1660150124\n|switch|p2a: Heatran|Heatran, F|100\/100\n|-item|p2a: Heatran|Air Balloon\n|move|p1a: Heatran|Stealth Rock|p2a: Heatran\n|-sidestart|p2: tolstoy|move: Stealth Rock\n|\n|-weather|Hail|[upkeep]\n|-damage|p2a: Heatran|94\/100|[from] Hail\n|-damage|p1a: Heatran|51\/100|[from] Hail\n|upkeep\n|turn|5\n|\n|t:|1660150129\n|switch|p1a: Tapu Fini|Tapu Fini|89\/100\n|move|p2a: Heatran|Stealth Rock|p1a: Tapu Fini\n|-sidestart|p1: lt92pf gray|move: Stealth Rock\n|\n|-weather|none\n|-sideend|p2: tolstoy|move: Aurora Veil\n|-fieldend|Misty Terrain\n|upkeep\n|turn|6\n|\n|t:|1660150144\n|switch|p2a: Ninetales|Ninetales-Alola, M|100\/100\n|-damage|p2a: Ninetales|76\/100|[from] Stealth Rock\n|-weather|Hail|[from] ability: Snow Warning|[of] p2a: Ninetales\n|move|p1a: Tapu Fini|Surf|p2a: Ninetales\n|-crit|p2a: Ninetales\n|-damage|p2a: Ninetales|34\/100\n|\n|-weather|Hail|[upkeep]\n|-damage|p1a: Tapu Fini|83\/100|[from] Hail\n|upkeep\n|turn|7\n|\n|t:|1660150152\n|switch|p1a: Heatran|Heatran, M|51\/100\n|-damage|p1a: Heatran|39\/100|[from] Stealth Rock\n|move|p2a: Ninetales|Aurora Veil|p2a: Ninetales\n|-sidestart|p2: tolstoy|move: Aurora Veil\n|\n|-weather|Hail|[upkeep]\n|-damage|p1a: Heatran|33\/100|[from] Hail\n|upkeep\n|turn|8\n|\n|t:|1660150157\n|switch|p2a: Heatran|Heatran, F|94\/100\n|-damage|p2a: Heatran|82\/100|[from] Stealth Rock\n|-item|p2a: Heatran|Air Balloon\n|move|p1a: Heatran|Will-O-Wisp|p2a: Heatran\n|-immune|p2a: Heatran\n|\n|-weather|Hail|[upkeep]\n|-damage|p2a: Heatran|76\/100|[from] Hail\n|-damage|p1a: Heatran|26\/100|[from] Hail\n|upkeep\n|turn|9\n|j| LT92PF Isza\n|j| FlyingMaster-Mew\n|\n|t:|1660150161\n|switch|p1a: Tapu Fini|Tapu Fini|83\/100\n|-damage|p1a: Tapu Fini|70\/100|[from] Stealth Rock\n|-fieldstart|move: Misty Terrain|[from] ability: Misty Surge|[of] p1a: Tapu Fini\n|move|p2a: Heatran|Earth Power|p1a: Tapu Fini\n|-damage|p1a: Tapu Fini|41\/100\n|\n|-weather|Hail|[upkeep]\n|-damage|p1a: Tapu Fini|35\/100|[from] Hail\n|-damage|p2a: Heatran|70\/100|[from] Hail\n|upkeep\n|turn|10\n|\n|t:|1660150163\n|move|p1a: Tapu Fini|Surf|p2a: Heatran\n|-supereffective|p2a: Heatran\n|-damage|p2a: Heatran|39\/100\n|-enditem|p2a: Heatran|Air Balloon\n|move|p2a: Heatran|Earth Power|p1a: Tapu Fini\n|-damage|p1a: Tapu Fini|4\/100\n|\n|-weather|none\n|upkeep\n|turn|11\n|\n|t:|1660150169\n|move|p1a: Tapu Fini|Surf|p2a: Heatran\n|-supereffective|p2a: Heatran\n|-crit|p2a: Heatran\n|-damage|p2a: Heatran|0 fnt\n|faint|p2a: Heatran\n|\n|-sideend|p2: tolstoy|move: Aurora Veil\n|upkeep\n|l| FlyingMaster-Mew\n|\n|t:|1660150196\n|switch|p2a: Ninetales|Ninetales-Alola, M|34\/100\n|-damage|p2a: Ninetales|9\/100|[from] Stealth Rock\n|-weather|Hail|[from] ability: Snow Warning|[of] p2a: Ninetales\n|turn|12\n|\n|t:|1660150204\n|switch|p1a: Landorus|Landorus-Therian, M|100\/100\n|-damage|p1a: Landorus|88\/100|[from] Stealth Rock\n|-ability|p1a: Landorus|Intimidate|boost\n|-unboost|p2a: Ninetales|atk|1\n|move|p2a: Ninetales|Aurora Veil|p2a: Ninetales\n|-sidestart|p2: tolstoy|move: Aurora Veil\n|\n|-weather|Hail|[upkeep]\n|-damage|p1a: Landorus|82\/100|[from] Hail\n|-heal|p1a: Landorus|88\/100|[from] item: Leftovers\n|upkeep\n|turn|13\n|\n|t:|1660150210\n|switch|p2a: Polteageist|Polteageist|88\/100\n|-damage|p2a: Polteageist|76\/100|[from] Stealth Rock\n|move|p1a: Landorus|Defog|p2a: Polteageist\n|-unboost|p2a: Polteageist|evasion|1\n|-sideend|p2: tolstoy|move: Aurora Veil\n|-sideend|p2: tolstoy|Stealth Rock|[from] move: Defog|[of] p1a: Landorus\n|-sideend|p1: lt92pf gray|Stealth Rock|[from] move: Defog|[of] p1a: Landorus\n|-fieldend|Misty Terrain\n|\n|-weather|Hail|[upkeep]\n|-damage|p2a: Polteageist|70\/100|[from] Hail\n|-damage|p1a: Landorus|82\/100|[from] Hail\n|-heal|p1a: Landorus|88\/100|[from] item: Leftovers\n|upkeep\n|turn|14\n|\n|t:|1660150215\n|move|p2a: Polteageist|Shadow Ball|p1a: Landorus\n|-damage|p1a: Landorus|52\/100\n|move|p1a: Landorus|Earthquake|p2a: Polteageist\n|-damage|p2a: Polteageist|0 fnt\n|faint|p2a: Polteageist\n|\n|-weather|Hail|[upkeep]\n|-damage|p1a: Landorus|46\/100|[from] Hail\n|-heal|p1a: Landorus|52\/100|[from] item: Leftovers\n|upkeep\n|\n|t:|1660150222\n|switch|p2a: Gyarados|Gyarados, M|100\/100\n|turn|15\n|\n|t:|1660150232\n|move|p2a: Gyarados|Substitute|p2a: Gyarados\n|-start|p2a: Gyarados|Substitute\n|-damage|p2a: Gyarados|76\/100\n|move|p1a: Landorus|U-turn|p2a: Gyarados\n|-resisted|p2a: Gyarados\n|-activate|p2a: Gyarados|move: Substitute|[damage]\n|\n|t:|1660150242\n|switch|p1a: Weavile|Weavile, F|100\/100|[from]move: U-turn\n|-ability|p1a: Weavile|Pressure\n|\n|-weather|Hail|[upkeep]\n|-damage|p2a: Gyarados|69\/100|[from] Hail\n|-heal|p2a: Gyarados|76\/100|[from] item: Leftovers\n|upkeep\n|turn|16\n|\n|t:|1660150248\n|switch|p2a: Ninetales|Ninetales-Alola, M|9\/100\n|move|p1a: Weavile|Triple Axel|p2a: Ninetales\n|-resisted|p2a: Ninetales\n|-damage|p2a: Ninetales|2\/100\n|-hitcount|p2a: Ninetales|1\n|\n|-weather|none\n|upkeep\n|turn|17\n|j| LT92PF fardin\n|\n|t:|1660150254\n|move|p1a: Weavile|Ice Shard|p2a: Ninetales\n|-resisted|p2a: Ninetales\n|-damage|p2a: Ninetales|0 fnt\n|faint|p2a: Ninetales\n|\n|upkeep\n|\n|t:|1660150256\n|switch|p2a: Zeraora|Zeraora|100\/100\n|turn|18\n|j| DJ CRIB DEF\n|j| Momentary Life\n|l| DJ CRIB DEF\n|inactive|lt92pf gray has 120 seconds left.\n|\n|t:|1660150288\n|move|p2a: Zeraora|Bulk Up|p2a: Zeraora\n|-boost|p2a: Zeraora|atk|1\n|-boost|p2a: Zeraora|def|1\n|move|p1a: Weavile|Knock Off|p2a: Zeraora\n|-damage|p2a: Zeraora|54\/100\n|-enditem|p2a: Zeraora|Weakness Policy|[from] move: Knock Off|[of] p1a: Weavile\n|\n|upkeep\n|turn|19\n|\n|t:|1660150297\n|switch|p1a: Tapu Fini|Tapu Fini|4\/100\n|-fieldstart|move: Misty Terrain|[from] ability: Misty Surge|[of] p1a: Tapu Fini\n|move|p2a: Zeraora|Bulk Up|p2a: Zeraora\n|-boost|p2a: Zeraora|atk|1\n|-boost|p2a: Zeraora|def|1\n|\n|upkeep\n|turn|20\n|l| Tace\n|\n|t:|1660150300\n|move|p2a: Zeraora|Drain Punch|p1a: Tapu Fini\n|-resisted|p1a: Tapu Fini\n|-damage|p1a: Tapu Fini|0 fnt\n|-heal|p2a: Zeraora|56\/100|[from] drain|[of] p1a: Tapu Fini\n|faint|p1a: Tapu Fini\n|\n|upkeep\n|\n|t:|1660150302\n|switch|p1a: Landorus|Landorus-Therian, M|52\/100\n|-ability|p1a: Landorus|Intimidate|boost\n|-unboost|p2a: Zeraora|atk|1\n|turn|21\n|\n|t:|1660150305\n|switch|p1a: Heatran|Heatran, M|26\/100\n|move|p2a: Zeraora|Acrobatics|p1a: Heatran\n|-resisted|p1a: Heatran\n|-damage|p1a: Heatran|7\/100\n|\n|upkeep\n|turn|22\n|\n|t:|1660150310\n|move|p2a: Zeraora|Acrobatics|p1a: Heatran\n|-resisted|p1a: Heatran\n|-damage|p1a: Heatran|0 fnt\n|faint|p1a: Heatran\n|\n|upkeep\n|\n|t:|1660150311\n|switch|p1a: Landorus|Landorus-Therian, M|52\/100\n|-ability|p1a: Landorus|Intimidate|boost\n|-unboost|p2a: Zeraora|atk|1\n|turn|23\n|\n|t:|1660150315\n|move|p2a: Zeraora|Acrobatics|p1a: Landorus\n|-damage|p1a: Landorus|17\/100\n|move|p1a: Landorus|Earthquake|p2a: Zeraora\n|-supereffective|p2a: Zeraora\n|-damage|p2a: Zeraora|0 fnt\n|faint|p2a: Zeraora\n|\n|-heal|p1a: Landorus|23\/100|[from] item: Leftovers\n|-fieldend|Misty Terrain\n|upkeep\n|\n|t:|1660150319\n|switch|p2a: Corviknight|Corviknight, M|100\/100\n|-ability|p2a: Corviknight|Pressure\n|turn|24\n|\n|t:|1660150323\n|move|p1a: Landorus|U-turn|p2a: Corviknight\n|-resisted|p2a: Corviknight\n|-damage|p2a: Corviknight|96\/100\n|\n|t:|1660150329\n|switch|p1a: Weavile|Weavile, F|100\/100|[from]move: U-turn\n|-ability|p1a: Weavile|Pressure\n|move|p2a: Corviknight|Bulk Up|p2a: Corviknight\n|-boost|p2a: Corviknight|atk|1\n|-boost|p2a: Corviknight|def|1\n|\n|upkeep\n|turn|25\n|\n|t:|1660150332\n|move|p1a: Weavile|Swords Dance|p1a: Weavile\n|-boost|p1a: Weavile|atk|2\n|move|p2a: Corviknight|Bulk Up|p2a: Corviknight\n|-boost|p2a: Corviknight|atk|1\n|-boost|p2a: Corviknight|def|1\n|\n|upkeep\n|turn|26\n|\n|t:|1660150337\n|move|p1a: Weavile|Swords Dance|p1a: Weavile\n|-boost|p1a: Weavile|atk|2\n|move|p2a: Corviknight|Bulk Up|p2a: Corviknight\n|-boost|p2a: Corviknight|atk|1\n|-boost|p2a: Corviknight|def|1\n|\n|upkeep\n|turn|27\n|\n|t:|1660150344\n|move|p1a: Weavile|Knock Off|p2a: Corviknight\n|-damage|p2a: Corviknight|52\/100\n|-enditem|p2a: Corviknight|Weakness Policy|[from] move: Knock Off|[of] p1a: Weavile\n|move|p2a: Corviknight|Bulk Up|p2a: Corviknight\n|-boost|p2a: Corviknight|atk|1\n|-boost|p2a: Corviknight|def|1\n|\n|upkeep\n|turn|28\n|\n|t:|1660150350\n|move|p1a: Weavile|Swords Dance|p1a: Weavile\n|-boost|p1a: Weavile|atk|2\n|move|p2a: Corviknight|Agility|p2a: Corviknight\n|-boost|p2a: Corviknight|spe|2\n|\n|upkeep\n|turn|29\n|\n|t:|1660150356\n|move|p1a: Weavile|Triple Axel|p2a: Corviknight\n|-damage|p2a: Corviknight|42\/100\n|-damage|p2a: Corviknight|22\/100\n|-damage|p2a: Corviknight|0 fnt\n|faint|p2a: Corviknight\n|-hitcount|p2: Corviknight|3\n|\n|upkeep\n|c|\u2606tolstoy|gone\n|-message|tolstoy forfeited.\n|\n|win|lt92pf gray\n|raw|lt92pf gray's rating: 1783 &rarr; <strong>1806<\/strong><br \/>(+23 for winning)\n|raw|tolstoy's rating: 1830 &rarr; <strong>1807<\/strong><br \/>(-23 for losing)\n|l|\u2606tolstoy\n|l|\u2606lt92pf gray\n","uploadtime":1660150373,"views":62,"p1id":"lt92pfgray","p2id":"tolstoy","formatid":"gen8ou","rating":1806,"private":0,"password":null}