{"id":"gen8ou-1260616602","p1":"yung mirio","p2":"Kazt_5","format":"gen8ou","log":"|j|\u2606yung mirio\n|j|\u2606Kazt_5\n|inactive|Battle timer is ON: inactive players will automatically lose when time's up.\n|t:|1610443131\n|player|p1|yung mirio|preschooler|\n|player|p2|Kazt_5|dawn|\n|teamsize|p1|6\n|teamsize|p2|6\n|gametype|singles\n|gen|8\n|tier|[Gen 8] OU\n|rated|Tournament battle\n|clearpoke\n|poke|p1|Aegislash, F|\n|poke|p1|Venusaur, M|\n|poke|p1|Umbreon, F|\n|poke|p1|Heracross, M|\n|poke|p1|Melmetal|\n|poke|p1|Corviknight, F|\n|poke|p2|Aegislash, F|\n|poke|p2|Corviknight, F|\n|poke|p2|Heracross, M|\n|poke|p2|Melmetal|\n|poke|p2|Umbreon, F|\n|poke|p2|Venusaur, M|\n|rule|Sleep Clause Mod: Limit one foe put to sleep\n|rule|Species Clause: Limit one of each Pok\u00e9mon\n|rule|OHKO Clause: OHKO moves are banned\n|rule|Evasion Moves Clause: Evasion moves are banned\n|rule|Endless Battle Clause: Forcing endless battles is banned\n|rule|HP Percentage Mod: HP is shown in percentages\n|rule|Dynamax Clause: You cannot dynamax\n|teampreview\n|j| milk is sour\n|j|+georgiethefirst\n|j|@pastagirl\u2601\n|j| AarnavRegmi\n|c|\u2606Kazt_5|can we agree to dont use corviknight?\n|c| AarnavRegmi|gl hf\n|j| Luckpup\n|inactive|Kazt_5 has 120 seconds left.\n|j| Mimikyu Stardust\n|c| AarnavRegmi|whats wrong with corvinight?\n|\n|t:|1610443176\n|start\n|switch|p1a: Heracross|Heracross, M|100\/100\n|switch|p2a: Heracross|Heracross, M|100\/100\n|turn|1\n|c|@pastagirl\u2601|sub id\/bulk up corv is like lowkey\n|c|@pastagirl\u2601|so busted in this lool\n|inactive|yung mirio has 120 seconds left.\n|j| Piyush21\n|c|\u2606Kazt_5|i wont send out corvi even if it is the best option\n|c|\u2606Kazt_5|ill do like it doesnt exist\n|c| AarnavRegmi|but aegislash is immune to press?\n|c| Piyush21|Power trip maybe\n|\n|t:|1610443229\n|switch|p1a: Aegislash|Aegislash, F, shiny|100\/100\n|move|p2a: Heracross|Spikes|p1a: Aegislash\n|-sidestart|p1: yung mirio|Spikes\n|\n|upkeep\n|turn|2\n|c|@pastagirl\u2601|aegislash can't rly beat it tho\n|c| Mimikyu Stardust|STEEL BEEEEM\n|c| AarnavRegmi|ook\n|\n|t:|1610443245\n|switch|p1a: Corviknight|Corviknight, F|100\/100\n|-ability|p1a: Corviknight|Pressure\n|move|p2a: Heracross|Earthquake|p1a: Corviknight\n|-immune|p1a: Corviknight\n|\n|upkeep\n|turn|3\n|c| AarnavRegmi|dafaq\n|c|\u2606Kazt_5|no agreement :(\n|c|+georgiethefirst|welp time to 1v1 corv with corv\n|c| milk is sour|gotta get hazards up no matter what\n|l| Luckpup\n|inactive|Kazt_5 has 120 seconds left.\n|\n|t:|1610443278\n|switch|p2a: Aegislash|Aegislash, F|100\/100\n|move|p1a: Corviknight|Bulk Up|p1a: Corviknight\n|-boost|p1a: Corviknight|atk|1\n|-boost|p1a: Corviknight|def|1\n|\n|upkeep\n|turn|4\n|\n|t:|1610443283\n|switch|p2a: Corviknight|Corviknight, F|100\/100\n|-ability|p2a: Corviknight|Pressure\n|move|p1a: Corviknight|Bulk Up|p1a: Corviknight\n|-boost|p1a: Corviknight|atk|1\n|-boost|p1a: Corviknight|def|1\n|\n|upkeep\n|turn|5\n|c| AarnavRegmi|same set\n|\n|t:|1610443288\n|move|p1a: Corviknight|Bulk Up|p1a: Corviknight\n|-boost|p1a: Corviknight|atk|1\n|-boost|p1a: Corviknight|def|1\n|move|p2a: Corviknight|Bulk Up|p2a: Corviknight\n|-boost|p2a: Corviknight|atk|1\n|-boost|p2a: Corviknight|def|1\n|\n|upkeep\n|turn|6\n|\n|t:|1610443291\n|move|p1a: Corviknight|Bulk Up|p1a: Corviknight\n|-boost|p1a: Corviknight|atk|1\n|-boost|p1a: Corviknight|def|1\n|move|p2a: Corviknight|Bulk Up|p2a: Corviknight\n|-boost|p2a: Corviknight|atk|1\n|-boost|p2a: Corviknight|def|1\n|\n|upkeep\n|turn|7\n|c|\u2606Kazt_5|well, this isnt fun\n|c| AarnavRegmi|so busted\n|c| Piyush21|Lets see who crits first\n|c|@pastagirl\u2601|lmfao\n|\n|t:|1610443299\n|move|p1a: Corviknight|Bulk Up|p1a: Corviknight\n|-boost|p1a: Corviknight|atk|1\n|-boost|p1a: Corviknight|def|1\n|move|p2a: Corviknight|Bulk Up|p2a: Corviknight\n|-boost|p2a: Corviknight|atk|1\n|-boost|p2a: Corviknight|def|1\n|\n|upkeep\n|turn|8\n|\n|t:|1610443301\n|move|p1a: Corviknight|Power Trip|p2a: Corviknight\n|-damage|p2a: Corviknight|60\/100\n|-damage|p1a: Corviknight|84\/100|[from] item: Rocky Helmet|[of] p2a: Corviknight\n|move|p2a: Corviknight|Bulk Up|p2a: Corviknight\n|-boost|p2a: Corviknight|atk|1\n|-boost|p2a: Corviknight|def|1\n|\n|-heal|p1a: Corviknight|90\/100|[from] item: Leftovers\n|upkeep\n|turn|9\n|c|+georgiethefirst|kazt should win\n|c|+georgiethefirst|he has more pp\n|\n|t:|1610443311\n|move|p1a: Corviknight|Bulk Up|p1a: Corviknight\n|-boost|p1a: Corviknight|atk|1\n|-boost|p1a: Corviknight|def|1\n|move|p2a: Corviknight|Roost|p2a: Corviknight\n|-heal|p2a: Corviknight|100\/100\n|-singleturn|p2a: Corviknight|move: Roost\n|\n|-heal|p1a: Corviknight|96\/100|[from] item: Leftovers\n|upkeep\n|turn|10\n|\n|t:|1610443314\n|move|p1a: Corviknight|Power Trip|p2a: Corviknight\n|-damage|p2a: Corviknight|60\/100\n|-damage|p1a: Corviknight|80\/100|[from] item: Rocky Helmet|[of] p2a: Corviknight\n|move|p2a: Corviknight|Bulk Up|p2a: Corviknight\n|-boost|p2a: Corviknight|atk|1\n|-boost|p2a: Corviknight|def|1\n|\n|-heal|p1a: Corviknight|86\/100|[from] item: Leftovers\n|upkeep\n|turn|11\n|c|+georgiethefirst|oh but power trip o.o\n|c| AarnavRegmi|damn\n|c|@pastagirl\u2601|yea at least they have\n|\n|t:|1610443321\n|move|p2a: Corviknight|Roost|p2a: Corviknight\n|-heal|p2a: Corviknight|100\/100\n|-singleturn|p2a: Corviknight|move: Roost\n|move|p1a: Corviknight|Body Press|p2a: Corviknight\n|-supereffective|p2a: Corviknight\n|-damage|p2a: Corviknight|73\/100\n|-damage|p1a: Corviknight|70\/100|[from] item: Rocky Helmet|[of] p2a: Corviknight\n|\n|-heal|p1a: Corviknight|76\/100|[from] item: Leftovers\n|upkeep\n|turn|12\n|c|@pastagirl\u2601|pressure tho\n|\n|t:|1610443330\n|move|p1a: Corviknight|Body Press|p2a: Corviknight\n|-damage|p2a: Corviknight|60\/100\n|-damage|p1a: Corviknight|59\/100|[from] item: Rocky Helmet|[of] p2a: Corviknight\n|move|p2a: Corviknight|Bulk Up|p2a: Corviknight\n|-boost|p2a: Corviknight|atk|1\n|-boost|p2a: Corviknight|def|1\n|\n|-heal|p1a: Corviknight|66\/100|[from] item: Leftovers\n|upkeep\n|turn|13\n|c|@pastagirl\u2601|speeds it up a lil\n|\n|t:|1610443335\n|move|p2a: Corviknight|Roost|p2a: Corviknight\n|-heal|p2a: Corviknight|100\/100\n|-singleturn|p2a: Corviknight|move: Roost\n|move|p1a: Corviknight|Body Press|p2a: Corviknight\n|-supereffective|p2a: Corviknight\n|-damage|p2a: Corviknight|78\/100\n|-damage|p1a: Corviknight|49\/100|[from] item: Rocky Helmet|[of] p2a: Corviknight\n|\n|-heal|p1a: Corviknight|56\/100|[from] item: Leftovers\n|upkeep\n|turn|14\n|\n|t:|1610443341\n|move|p2a: Corviknight|Body Press|p1a: Corviknight\n|-damage|p1a: Corviknight|32\/100\n|move|p1a: Corviknight|Roost|p1a: Corviknight\n|-heal|p1a: Corviknight|82\/100\n|-singleturn|p1a: Corviknight|move: Roost\n|\n|-heal|p1a: Corviknight|88\/100|[from] item: Leftovers\n|upkeep\n|turn|15\n|c| Piyush21|Crit time\n|\n|t:|1610443354\n|move|p1a: Corviknight|Bulk Up|p1a: Corviknight\n|-boost|p1a: Corviknight|atk|0\n|-boost|p1a: Corviknight|def|0\n|move|p2a: Corviknight|Brave Bird|p1a: Corviknight\n|-resisted|p1a: Corviknight\n|-damage|p1a: Corviknight|73\/100\n|-damage|p2a: Corviknight|73\/100|[from] Recoil\n|\n|-heal|p1a: Corviknight|79\/100|[from] item: Leftovers\n|upkeep\n|turn|16\n|c| AarnavRegmi|who will get crict they will be the victor\n|j| wewqqqhwef\n|c| AarnavRegmi|crit*\n|c|\u2606Kazt_5|i shouldve brought power trip instead of bb\n|c|+georgiethefirst|don't even think +6 BB crit will kill\n|c|+georgiethefirst|e.e\n|c|\u2606Kazt_5|thats nice\n|\n|t:|1610443383\n|move|p1a: Corviknight|Body Press|p2a: Corviknight\n|-damage|p2a: Corviknight|60\/100\n|-damage|p1a: Corviknight|62\/100|[from] item: Rocky Helmet|[of] p2a: Corviknight\n|move|p2a: Corviknight|Roost|p2a: Corviknight\n|-heal|p2a: Corviknight|100\/100\n|-singleturn|p2a: Corviknight|move: Roost\n|\n|-heal|p1a: Corviknight|69\/100|[from] item: Leftovers\n|upkeep\n|turn|17\n|\n|t:|1610443388\n|move|p1a: Corviknight|Bulk Up|p1a: Corviknight\n|-boost|p1a: Corviknight|atk|0\n|-boost|p1a: Corviknight|def|0\n|move|p2a: Corviknight|Body Press|p1a: Corviknight\n|-damage|p1a: Corviknight|46\/100\n|\n|-heal|p1a: Corviknight|52\/100|[from] item: Leftovers\n|upkeep\n|turn|18\n|c| AarnavRegmi|yeah...\n|\n|t:|1610443396\n|move|p1a: Corviknight|Roost|p1a: Corviknight\n|-heal|p1a: Corviknight|100\/100\n|-singleturn|p1a: Corviknight|move: Roost\n|move|p2a: Corviknight|Body Press|p1a: Corviknight\n|-supereffective|p1a: Corviknight\n|-damage|p1a: Corviknight|53\/100\n|\n|-heal|p1a: Corviknight|60\/100|[from] item: Leftovers\n|upkeep\n|turn|19\n|\n|t:|1610443409\n|move|p1a: Corviknight|Power Trip|p2a: Corviknight\n|-damage|p2a: Corviknight|68\/100\n|-damage|p1a: Corviknight|43\/100|[from] item: Rocky Helmet|[of] p2a: Corviknight\n|move|p2a: Corviknight|Body Press|p1a: Corviknight\n|-damage|p1a: Corviknight|22\/100\n|\n|-heal|p1a: Corviknight|28\/100|[from] item: Leftovers\n|upkeep\n|turn|20\n|c| Piyush21|Body press crit will do\n|\n|t:|1610443413\n|move|p2a: Corviknight|Body Press|p1a: Corviknight\n|-damage|p1a: Corviknight|7\/100\n|move|p1a: Corviknight|Roost|p1a: Corviknight\n|-heal|p1a: Corviknight|57\/100\n|-singleturn|p1a: Corviknight|move: Roost\n|\n|-heal|p1a: Corviknight|63\/100|[from] item: Leftovers\n|upkeep\n|turn|21\n|\n|t:|1610443427\n|move|p2a: Corviknight|Roost|p2a: Corviknight\n|-heal|p2a: Corviknight|100\/100\n|-singleturn|p2a: Corviknight|move: Roost\n|move|p1a: Corviknight|Power Trip|p2a: Corviknight\n|-damage|p2a: Corviknight|70\/100\n|-damage|p1a: Corviknight|47\/100|[from] item: Rocky Helmet|[of] p2a: Corviknight\n|\n|-heal|p1a: Corviknight|53\/100|[from] item: Leftovers\n|upkeep\n|turn|22\n|c| AarnavRegmi|i think instead of bb u should have brought power trip\n|\n|t:|1610443436\n|move|p1a: Corviknight|Roost|p1a: Corviknight\n|-heal|p1a: Corviknight|100\/100\n|-singleturn|p1a: Corviknight|move: Roost\n|move|p2a: Corviknight|Body Press|p1a: Corviknight\n|-supereffective|p1a: Corviknight\n|-damage|p1a: Corviknight|57\/100\n|\n|-heal|p1a: Corviknight|63\/100|[from] item: Leftovers\n|upkeep\n|turn|23\n|c|+georgiethefirst|that's literally what he said\n|c|+georgiethefirst|e.e\n|\n|t:|1610443443\n|move|p1a: Corviknight|Bulk Up|p1a: Corviknight\n|-boost|p1a: Corviknight|atk|0\n|-boost|p1a: Corviknight|def|0\n|move|p2a: Corviknight|Roost|p2a: Corviknight\n|-heal|p2a: Corviknight|100\/100\n|-singleturn|p2a: Corviknight|move: Roost\n|\n|-heal|p1a: Corviknight|69\/100|[from] item: Leftovers\n|upkeep\n|turn|24\n|l| wewqqqhwef\n|c| Piyush21|He literally said that same rhing lol\n|c| AarnavRegmi|ok\n|c| AarnavRegmi|silly me\n|\n|t:|1610443457\n|move|p2a: Corviknight|Bulk Up|p2a: Corviknight\n|-boost|p2a: Corviknight|atk|0\n|-boost|p2a: Corviknight|def|0\n|move|p1a: Corviknight|Power Trip|p2a: Corviknight\n|-damage|p2a: Corviknight|67\/100\n|-damage|p1a: Corviknight|52\/100|[from] item: Rocky Helmet|[of] p2a: Corviknight\n|\n|-heal|p1a: Corviknight|59\/100|[from] item: Leftovers\n|upkeep\n|turn|25\n|c|+georgiethefirst|this brings me back to pre home\n|\n|t:|1610443471\n|move|p1a: Corviknight|Bulk Up|p1a: Corviknight\n|-boost|p1a: Corviknight|atk|0\n|-boost|p1a: Corviknight|def|0\n|move|p2a: Corviknight|Body Press|p1a: Corviknight\n|-damage|p1a: Corviknight|37\/100\n|\n|-heal|p1a: Corviknight|43\/100|[from] item: Leftovers\n|upkeep\n|turn|26\n|c|+georgiethefirst|fun times\n|c| Mimikyu Stardust|who crittin first\n|c|@pastagirl\u2601|yea loool\n|\n|t:|1610443478\n|move|p1a: Corviknight|Roost|p1a: Corviknight\n|-heal|p1a: Corviknight|93\/100\n|-singleturn|p1a: Corviknight|move: Roost\n|move|p2a: Corviknight|Roost|p2a: Corviknight\n|-heal|p2a: Corviknight|100\/100\n|-singleturn|p2a: Corviknight|move: Roost\n|\n|-heal|p1a: Corviknight|99\/100|[from] item: Leftovers\n|upkeep\n|turn|27\n|c| Mimikyu Stardust|pre home lol\n|c|@pastagirl\u2601|next time maybe i'll try to\n|\n|t:|1610443484\n|move|p1a: Corviknight|Bulk Up|p1a: Corviknight\n|-boost|p1a: Corviknight|atk|0\n|-boost|p1a: Corviknight|def|0\n|move|p2a: Corviknight|Brave Bird|p1a: Corviknight\n|-resisted|p1a: Corviknight\n|-damage|p1a: Corviknight|86\/100\n|-damage|p2a: Corviknight|96\/100|[from] Recoil\n|\n|-heal|p1a: Corviknight|92\/100|[from] item: Leftovers\n|upkeep\n|turn|28\n|c|@pastagirl\u2601|identify possibilities like this\n|c| Piyush21|Ye\n|c|@pastagirl\u2601|like if i could start this over i'd just ban bu and id\n|\n|t:|1610443502\n|move|p1a: Corviknight|Power Trip|p2a: Corviknight\n|-damage|p2a: Corviknight|64\/100\n|-damage|p1a: Corviknight|75\/100|[from] item: Rocky Helmet|[of] p2a: Corviknight\n|move|p2a: Corviknight|Bulk Up|p2a: Corviknight\n|-boost|p2a: Corviknight|atk|0\n|-boost|p2a: Corviknight|def|0\n|\n|-heal|p1a: Corviknight|82\/100|[from] item: Leftovers\n|upkeep\n|turn|29\n|c|\u2606Kazt_5|my two first matches ended up like this\n|c| Piyush21|Just use twave melmetal\n|\n|t:|1610443515\n|move|p1a: Corviknight|Body Press|p2a: Corviknight\n|-damage|p2a: Corviknight|52\/100\n|-damage|p1a: Corviknight|65\/100|[from] item: Rocky Helmet|[of] p2a: Corviknight\n|move|p2a: Corviknight|Roost|p2a: Corviknight\n|-heal|p2a: Corviknight|100\/100\n|-singleturn|p2a: Corviknight|move: Roost\n|\n|-heal|p1a: Corviknight|71\/100|[from] item: Leftovers\n|upkeep\n|turn|30\n|c|@pastagirl\u2601|facts\n|c| Piyush21|And hope for para\n|\n|t:|1610443521\n|move|p1a: Corviknight|Bulk Up|p1a: Corviknight\n|-boost|p1a: Corviknight|atk|0\n|-boost|p1a: Corviknight|def|0\n|move|p2a: Corviknight|Bulk Up|p2a: Corviknight\n|-boost|p2a: Corviknight|atk|0\n|-boost|p2a: Corviknight|def|0\n|\n|-heal|p1a: Corviknight|78\/100|[from] item: Leftovers\n|upkeep\n|turn|31\n|j| supersam10001\n|c|\u2606Kazt_5|i was thinking of using it lol\n|\n|t:|1610443533\n|move|p1a: Corviknight|Bulk Up|p1a: Corviknight\n|-boost|p1a: Corviknight|atk|0\n|-boost|p1a: Corviknight|def|0\n|move|p2a: Corviknight|Bulk Up|p2a: Corviknight\n|-boost|p2a: Corviknight|atk|0\n|-boost|p2a: Corviknight|def|0\n|\n|-heal|p1a: Corviknight|84\/100|[from] item: Leftovers\n|upkeep\n|turn|32\n|j| Spirit Master Y\n|\n|t:|1610443557\n|move|p2a: Corviknight|Bulk Up|p2a: Corviknight\n|-boost|p2a: Corviknight|atk|0\n|-boost|p2a: Corviknight|def|0\n|move|p1a: Corviknight|Power Trip|p2a: Corviknight\n|-damage|p2a: Corviknight|66\/100\n|-damage|p1a: Corviknight|67\/100|[from] item: Rocky Helmet|[of] p2a: Corviknight\n|\n|-heal|p1a: Corviknight|74\/100|[from] item: Leftovers\n|upkeep\n|turn|33\n|c|\u2606Kazt_5|bulk up till you dont have more\n|c|+georgiethefirst|wait BB was the correct choice\n|\n|t:|1610443568\n|move|p1a: Corviknight|Bulk Up|p1a: Corviknight\n|-boost|p1a: Corviknight|atk|0\n|-boost|p1a: Corviknight|def|0\n|move|p2a: Corviknight|Roost|p2a: Corviknight\n|-heal|p2a: Corviknight|100\/100\n|-singleturn|p2a: Corviknight|move: Roost\n|\n|-heal|p1a: Corviknight|80\/100|[from] item: Leftovers\n|upkeep\n|turn|34\n|c|+georgiethefirst|you genius\n|c| supersam10001|crit win\n|c|+georgiethefirst|huge pp\n|c| Spirit Master Y|CRIT GODS\n|c|@pastagirl\u2601|huge pp\n|c| Piyush21|More pp\n|\n|t:|1610443581\n|move|p1a: Corviknight|Bulk Up|p1a: Corviknight\n|-boost|p1a: Corviknight|atk|0\n|-boost|p1a: Corviknight|def|0\n|move|p2a: Corviknight|Bulk Up|p2a: Corviknight\n|-boost|p2a: Corviknight|atk|0\n|-boost|p2a: Corviknight|def|0\n|\n|-heal|p1a: Corviknight|86\/100|[from] item: Leftovers\n|upkeep\n|turn|35\n|c|@pastagirl\u2601|-georgiethefirst\n|c|+georgiethefirst|lmfao\n|c| Mimikyu Stardust|did anyone bring  sunny day sash hera\n|j| ALASio\n|\n|t:|1610443590\n|move|p2a: Corviknight|Bulk Up|p2a: Corviknight\n|-boost|p2a: Corviknight|atk|0\n|-boost|p2a: Corviknight|def|0\n|move|p1a: Corviknight|Body Press|p2a: Corviknight\n|-damage|p2a: Corviknight|88\/100\n|-damage|p1a: Corviknight|70\/100|[from] item: Rocky Helmet|[of] p2a: Corviknight\n|\n|-heal|p1a: Corviknight|76\/100|[from] item: Leftovers\n|upkeep\n|turn|36\n|c| Spirit Master Y|scarf hera woulda worked too\n|c| supersam10001|i brought scarf venu\n|c| supersam10001|and scarf hera\n|c|\u2606yung mirio|so who's gonna land the crit\n|\n|t:|1610443610\n|move|p1a: Corviknight|Bulk Up|p1a: Corviknight\n|-boost|p1a: Corviknight|atk|0\n|-boost|p1a: Corviknight|def|0\n|move|p2a: Corviknight|Bulk Up|p2a: Corviknight\n|-boost|p2a: Corviknight|atk|0\n|-boost|p2a: Corviknight|def|0\n|\n|-heal|p1a: Corviknight|82\/100|[from] item: Leftovers\n|upkeep\n|turn|37\n|c|\u2606Kazt_5|not gonna lie this is kinda funny\n|\n|t:|1610443616\n|move|p2a: Corviknight|Bulk Up|p2a: Corviknight\n|-boost|p2a: Corviknight|atk|0\n|-boost|p2a: Corviknight|def|0\n|move|p1a: Corviknight|Power Trip|p2a: Corviknight\n|-damage|p2a: Corviknight|58\/100\n|-damage|p1a: Corviknight|66\/100|[from] item: Rocky Helmet|[of] p2a: Corviknight\n|\n|-heal|p1a: Corviknight|72\/100|[from] item: Leftovers\n|upkeep\n|turn|38\n|c| AarnavRegmi|yup\n|\n|t:|1610443622\n|move|p2a: Corviknight|Roost|p2a: Corviknight\n|-heal|p2a: Corviknight|100\/100\n|-singleturn|p2a: Corviknight|move: Roost\n|move|p1a: Corviknight|Bulk Up|p1a: Corviknight\n|-boost|p1a: Corviknight|atk|0\n|-boost|p1a: Corviknight|def|0\n|\n|-heal|p1a: Corviknight|78\/100|[from] item: Leftovers\n|upkeep\n|turn|39\n|c| Spirit Master Y|rng gods bless\n|\n|t:|1610443627\n|move|p2a: Corviknight|Bulk Up|p2a: Corviknight\n|-boost|p2a: Corviknight|atk|0\n|-boost|p2a: Corviknight|def|0\n|move|p1a: Corviknight|Bulk Up|p1a: Corviknight\n|-boost|p1a: Corviknight|atk|0\n|-boost|p1a: Corviknight|def|0\n|\n|-heal|p1a: Corviknight|84\/100|[from] item: Leftovers\n|upkeep\n|turn|40\n|c| Piyush21|Nobody used yellow magic\n|c| Piyush21|I am sad\n|c|\u2606Kazt_5|wait\n|c|+georgiethefirst|this corv is going to be useless after critting though\n|\n|t:|1610443639\n|move|p2a: Corviknight|Bulk Up|p2a: Corviknight\n|-boost|p2a: Corviknight|atk|0\n|-boost|p2a: Corviknight|def|0\n|move|p1a: Corviknight|Bulk Up|p1a: Corviknight\n|-boost|p1a: Corviknight|atk|0\n|-boost|p1a: Corviknight|def|0\n|\n|-heal|p1a: Corviknight|91\/100|[from] item: Leftovers\n|upkeep\n|turn|41\n|c|@pastagirl\u2601|neither one is sub yea so\n|c|+georgiethefirst|has like 2 body presses left\n|c| Mimikyu Stardust|i used t wave melm\n|c|@pastagirl\u2601|if someone has sunny day on smth\n|\n|t:|1610443650\n|move|p1a: Corviknight|Bulk Up|p1a: Corviknight\n|-boost|p1a: Corviknight|atk|0\n|-boost|p1a: Corviknight|def|0\n|move|p2a: Corviknight|Bulk Up|p2a: Corviknight\n|-boost|p2a: Corviknight|atk|0\n|-boost|p2a: Corviknight|def|0\n|\n|-heal|p1a: Corviknight|97\/100|[from] item: Leftovers\n|upkeep\n|turn|42\n|j| Kazene\n|c|@pastagirl\u2601|it's venu time\n|\n|t:|1610443665\n|move|p2a: Corviknight|Bulk Up|p2a: Corviknight\n|-boost|p2a: Corviknight|atk|0\n|-boost|p2a: Corviknight|def|0\n|move|p1a: Corviknight|Bulk Up|p1a: Corviknight\n|-boost|p1a: Corviknight|atk|0\n|-boost|p1a: Corviknight|def|0\n|\n|-heal|p1a: Corviknight|100\/100|[from] item: Leftovers\n|upkeep\n|turn|43\n|\n|t:|1610443670\n|move|p1a: Corviknight|Bulk Up|p1a: Corviknight\n|-boost|p1a: Corviknight|atk|0\n|-boost|p1a: Corviknight|def|0\n|move|p2a: Corviknight|Bulk Up|p2a: Corviknight\n|-boost|p2a: Corviknight|atk|0\n|-boost|p2a: Corviknight|def|0\n|\n|upkeep\n|turn|44\n|\n|t:|1610443672\n|move|p1a: Corviknight|Bulk Up|p1a: Corviknight\n|-boost|p1a: Corviknight|atk|0\n|-boost|p1a: Corviknight|def|0\n|move|p2a: Corviknight|Bulk Up|p2a: Corviknight\n|-boost|p2a: Corviknight|atk|0\n|-boost|p2a: Corviknight|def|0\n|\n|upkeep\n|turn|45\n|\n|t:|1610443679\n|move|p2a: Corviknight|Bulk Up|p2a: Corviknight\n|-boost|p2a: Corviknight|atk|0\n|-boost|p2a: Corviknight|def|0\n|move|p1a: Corviknight|Body Press|p2a: Corviknight\n|-damage|p2a: Corviknight|89\/100\n|-damage|p1a: Corviknight|84\/100|[from] item: Rocky Helmet|[of] p2a: Corviknight\n|\n|-heal|p1a: Corviknight|90\/100|[from] item: Leftovers\n|upkeep\n|turn|46\n|c| Mimikyu Stardust|this is the definition of stall\n|c| Piyush21|Does corviknight get whirlwind\n|c| Spirit Master Y|2 more rolls\n|c| Mimikyu Stardust|bb it\n|c|\u2606Kazt_5|funny thing is that aegislash walls his corvi now\n|\n|t:|1610443701\n|move|p2a: Corviknight|Body Press|p1a: Corviknight\n|-damage|p1a: Corviknight|69\/100\n|move|p1a: Corviknight|Bulk Up|p1a: Corviknight\n|-boost|p1a: Corviknight|atk|0\n|-boost|p1a: Corviknight|def|0\n|\n|-heal|p1a: Corviknight|76\/100|[from] item: Leftovers\n|upkeep\n|turn|47\n|c| AarnavRegmi|once his bp ranks out, he is basically useless\n|c|+georgiethefirst|!learn corviknight, whirlwind\n|c| georgiethefirst|\/raw <div class=\"infobox\">In Gen 8, Corviknight <span class=\"message-learn-cannotlearn\">can't<\/span> learn Whirlwind<\/div>\n|j| Oiseau Bleu\n|\n|t:|1610443711\n|switch|p2a: Aegislash|Aegislash, F|100\/100\n|move|p1a: Corviknight|Bulk Up|p1a: Corviknight\n|-boost|p1a: Corviknight|atk|0\n|-boost|p1a: Corviknight|def|0\n|\n|-heal|p1a: Corviknight|82\/100|[from] item: Leftovers\n|upkeep\n|turn|48\n|c|+georgiethefirst|so sad\n|c| Piyush21|Oof\n|c|@pastagirl\u2601|that's so sad yea\n|c|@pastagirl\u2601|that would've made this like\n|c|@pastagirl\u2601|a lot better\n|c|+georgiethefirst|yo he cracked first o.o\n|\n|t:|1610443727\n|move|p1a: Corviknight|Roost|p1a: Corviknight\n|-heal|p1a: Corviknight|100\/100\n|-singleturn|p1a: Corviknight|move: Roost\n|move|p2a: Aegislash|Swords Dance|p2a: Aegislash\n|-boost|p2a: Aegislash|atk|2\n|\n|upkeep\n|turn|49\n|c| Mimikyu Stardust|headsmash owo\n|c|+georgiethefirst|struggle finna win\n|c|@pastagirl\u2601|cracked...\n|\n|t:|1610443734\n|switch|p1a: Umbreon|Umbreon, F|100\/100\n|-damage|p1a: Umbreon|88\/100|[from] Spikes\n|move|p2a: Aegislash|Swords Dance|p2a: Aegislash\n|-boost|p2a: Aegislash|atk|2\n|\n|-heal|p1a: Umbreon|94\/100|[from] item: Leftovers\n|upkeep\n|turn|50\n|j| PortugalTheDude\n|\n|t:|1610443739\n|move|p1a: Umbreon|Foul Play|p2a: Aegislash\n|-supereffective|p2a: Aegislash\n|-damage|p2a: Aegislash|0 fnt\n|faint|p2a: Aegislash\n|\n|-heal|p1a: Umbreon|99\/100|[from] item: Leftovers\n|upkeep\n|c|+georgiethefirst|oh nvm sacred sword is broken\n|c| supersam10001|be colbur berry\n|c| Spirit Master Y|oof\n|c|@pastagirl\u2601|oof.\n|c| supersam10001|oof\n|c| Mimikyu Stardust|SCARF?\n|c|\u2606Kazt_5|fast umbreon nooooooooo\n|c|+georgiethefirst|and fast umbreon\n|c|@pastagirl\u2601|max speed loool\n|c|+georgiethefirst|goat\n|\n|t:|1610443755\n|switch|p2a: Heracross|Heracross, M|100\/100\n|turn|51\n|c| AarnavRegmi|oof\n|c| supersam10001|colbut berry better smfh\n|c|@pastagirl\u2601|lmfao\n|c| supersam10001|colbur\n|c| Piyush21|Plot twist\n|c| Spirit Master Y|bet it all on sunny day\n|\n|t:|1610443772\n|switch|p1a: Aegislash|Aegislash, F, shiny|100\/100\n|-damage|p1a: Aegislash|88\/100|[from] Spikes\n|move|p2a: Heracross|Bulk Up|p2a: Heracross\n|-boost|p2a: Heracross|atk|1\n|-boost|p2a: Heracross|def|1\n|\n|-heal|p1a: Aegislash|94\/100|[from] item: Leftovers\n|upkeep\n|turn|52\n|l| Mimikyu Stardust\n|c| Spirit Master Y|50\/50 the game\n|c|+georgiethefirst|this is restalk\n|c|+georgiethefirst|o.o\n|l| ALASio\n|\n|t:|1610443784\n|move|p2a: Heracross|Earthquake|p1a: Aegislash\n|-supereffective|p1a: Aegislash\n|-damage|p1a: Aegislash|14\/100\n|move|p1a: Aegislash|Swords Dance|p1a: Aegislash\n|-boost|p1a: Aegislash|atk|2\n|\n|-heal|p1a: Aegislash|20\/100|[from] item: Leftovers\n|upkeep\n|turn|53\n|c|@pastagirl\u2601|oof\n|c|+georgiethefirst|wait nvm\n|c|\u2606Kazt_5|forget what i said this was fun lol\n|\n|t:|1610443796\n|-formechange|p1a: Aegislash|Aegislash-Blade||[from] ability: Stance Change\n|move|p1a: Aegislash|Shadow Sneak|p2a: Heracross\n|-damage|p2a: Heracross|53\/100\n|move|p2a: Heracross|Earthquake|p1a: Aegislash\n|-supereffective|p1a: Aegislash\n|-damage|p1a: Aegislash|0 fnt\n|faint|p1a: Aegislash\n|-ability|p2a: Heracross|Moxie|boost\n|-boost|p2a: Heracross|atk|1\n|\n|-heal|p2a: Heracross|59\/100|[from] item: Leftovers\n|upkeep\n|c| supersam10001|the aegis are useless now\n|c|+georgiethefirst|dead*\n|\n|t:|1610443817\n|switch|p1a: Venusaur|Venusaur, M|100\/100\n|-damage|p1a: Venusaur|88\/100|[from] Spikes\n|turn|54\n|\n|t:|1610443825\n|move|p1a: Venusaur|Sludge Bomb|p2a: Heracross\n|-damage|p2a: Heracross|5\/100\n|move|p2a: Heracross|Earthquake|p1a: Venusaur\n|-damage|p1a: Venusaur|1\/100\n|\n|-heal|p2a: Heracross|11\/100|[from] item: Leftovers\n|upkeep\n|turn|55\n|c|@pastagirl\u2601|oof\n|c| AarnavRegmi|waitig for turn 69 >_<\n|c| Spirit Master Y|omg\n|c|+georgiethefirst|god evs\n|c|+georgiethefirst|how you do that\n|c| Spirit Master Y|the calcs\n|c| supersam10001|scarf venu ?\n|\n|t:|1610443847\n|switch|p2a: Melmetal|Melmetal|100\/100\n|move|p1a: Venusaur|Sludge Bomb|p2a: Melmetal\n|-immune|p2a: Melmetal\n|\n|upkeep\n|turn|56\n|c| Piyush21|Expertly eved\n|inactive|yung mirio has 120 seconds left.\n|\n|t:|1610443873\n|switch|p1a: Corviknight|Corviknight, F|100\/100\n|-ability|p1a: Corviknight|Pressure\n|move|p2a: Melmetal|Thunder Punch|p1a: Corviknight\n|-supereffective|p1a: Corviknight\n|-damage|p1a: Corviknight|5\/100\n|\n|-heal|p1a: Corviknight|12\/100|[from] item: Leftovers\n|upkeep\n|turn|57\n|c| AarnavRegmi|oof\n|c|@pastagirl\u2601|oooof\n|\n|t:|1610443885\n|move|p1a: Corviknight|Body Press|p2a: Melmetal\n|-supereffective|p2a: Melmetal\n|-damage|p2a: Melmetal|77\/100\n|move|p2a: Melmetal|Thunder Punch|p1a: Corviknight\n|-supereffective|p1a: Corviknight\n|-damage|p1a: Corviknight|0 fnt\n|faint|p1a: Corviknight\n|\n|upkeep\n|\n|t:|1610443889\n|switch|p1a: Melmetal|Melmetal|100\/100\n|-damage|p1a: Melmetal|88\/100|[from] Spikes\n|turn|58\n|c|+georgiethefirst|really had to save that 1% venu :\/\n|\n|t:|1610443907\n|switch|p2a: Corviknight|Corviknight, F|89\/100\n|-ability|p2a: Corviknight|Pressure\n|move|p1a: Melmetal|Iron Defense|p1a: Melmetal\n|-boost|p1a: Melmetal|def|2\n|\n|-heal|p1a: Melmetal|94\/100|[from] item: Leftovers\n|upkeep\n|turn|59\n|c| AarnavRegmi|cross has no fighting moves?\n|c| Spirit Master Y|that venus could actually sweep\n|\n|t:|1610443914\n|move|p2a: Corviknight|Bulk Up|p2a: Corviknight\n|-boost|p2a: Corviknight|atk|1\n|-boost|p2a: Corviknight|def|1\n|move|p1a: Melmetal|Thunder Wave|p2a: Corviknight|[miss]\n|-miss|p1a: Melmetal|p2a: Corviknight\n|\n|-heal|p1a: Melmetal|99\/100|[from] item: Leftovers\n|upkeep\n|turn|60\n|c| supersam10001|its a sack ig\n|\n|t:|1610443919\n|move|p2a: Corviknight|Bulk Up|p2a: Corviknight\n|-boost|p2a: Corviknight|atk|1\n|-boost|p2a: Corviknight|def|1\n|move|p1a: Melmetal|Thunder Wave|p2a: Corviknight\n|-status|p2a: Corviknight|par\n|\n|-heal|p1a: Melmetal|100\/100|[from] item: Leftovers\n|upkeep\n|turn|61\n|c|@pastagirl\u2601|twave!\n|c|@pastagirl\u2601|<3\n|c| AarnavRegmi|venu dies to spikes\n|c|\u2606Kazt_5|nice\n|c|+georgiethefirst|yellow magic\n|c| AarnavRegmi|so it is 3v5\n|c| Piyush21|Georgie he needed that for morale support\n|c| Spirit Master Y|wish umbreon\n|c| AarnavRegmi|nah\n|\n|t:|1610443940\n|switch|p1a: Venusaur|Venusaur, M|1\/100\n|-damage|p1a: Venusaur|0 fnt|[from] Spikes\n|faint|p1a: Venusaur\n|move|p2a: Corviknight|Bulk Up|p2a: Corviknight\n|-boost|p2a: Corviknight|atk|1\n|-boost|p2a: Corviknight|def|1\n|\n|upkeep\n|\n|t:|1610443942\n|switch|p1a: Umbreon|Umbreon, F|99\/100\n|-damage|p1a: Umbreon|88\/100|[from] Spikes\n|turn|62\n|c|+georgiethefirst|rip\n|\n|t:|1610443945\n|move|p1a: Umbreon|Foul Play|p2a: Corviknight\n|-damage|p2a: Corviknight|71\/100 par\n|-damage|p1a: Umbreon|71\/100|[from] item: Rocky Helmet|[of] p2a: Corviknight\n|move|p2a: Corviknight|Brave Bird|p1a: Umbreon\n|-damage|p1a: Umbreon|0 fnt\n|-damage|p2a: Corviknight|48\/100 par|[from] Recoil\n|faint|p1a: Umbreon\n|\n|upkeep\n|c| AarnavRegmi|rip\n|c| supersam10001|brave bird gonna do that amazing 4 percent\n|\n|t:|1610443960\n|switch|p1a: Heracross|Heracross, M|100\/100\n|-damage|p1a: Heracross|88\/100|[from] Spikes\n|turn|63\n|c| Spirit Master Y|oh wait it doesnt work that way lol\n|\n|t:|1610443966\n|move|p1a: Heracross|Swords Dance|p1a: Heracross\n|-boost|p1a: Heracross|atk|2\n|move|p2a: Corviknight|Brave Bird|p1a: Heracross\n|-supereffective|p1a: Heracross\n|-damage|p1a: Heracross|0 fnt\n|-damage|p2a: Corviknight|26\/100 par|[from] Recoil\n|faint|p1a: Heracross\n|\n|upkeep\n|c| AarnavRegmi|endure prob\n|\n|t:|1610443968\n|switch|p1a: Melmetal|Melmetal|100\/100\n|-damage|p1a: Melmetal|88\/100|[from] Spikes\n|turn|64\n|c|\u2606Kazt_5|this is gg\n|c| AarnavRegmi|yo what?\n|\n|t:|1610443979\n|move|p1a: Melmetal|Iron Defense|p1a: Melmetal\n|-boost|p1a: Melmetal|def|2\n|move|p2a: Corviknight|Brave Bird|p1a: Melmetal\n|-resisted|p1a: Melmetal\n|-crit|p1a: Melmetal\n|-damage|p1a: Melmetal|51\/100\n|-damage|p2a: Corviknight|11\/100 par|[from] Recoil\n|\n|-heal|p1a: Melmetal|57\/100|[from] item: Leftovers\n|upkeep\n|turn|65\n|c| AarnavRegmi|ggs\n|c|+georgiethefirst|that crit did nothing\n|c| AarnavRegmi|crit on 1st wow\n|\n|t:|1610443993\n|move|p1a: Melmetal|Body Press|p2a: Corviknight\n|-damage|p2a: Corviknight|0 fnt\n|-damage|p1a: Melmetal|41\/100|[from] item: Rocky Helmet|[of] p2a: Corviknight\n|faint|p2a: Corviknight\n|\n|-heal|p1a: Melmetal|47\/100|[from] item: Leftovers\n|upkeep\n|\n|t:|1610443997\n|switch|p2a: Umbreon|Umbreon, F|100\/100\n|turn|66\n|\n|t:|1610444004\n|move|p2a: Umbreon|Sunny Day|p2a: Umbreon\n|-weather|SunnyDay\n|move|p1a: Melmetal|Body Press|p2a: Umbreon\n|-supereffective|p2a: Umbreon\n|-damage|p2a: Umbreon|41\/100\n|\n|-weather|SunnyDay|[upkeep]\n|-heal|p1a: Melmetal|53\/100|[from] item: Leftovers\n|upkeep\n|turn|67\n|c| AarnavRegmi|i think heracross could finish this\n|\n|t:|1610444011\n|move|p2a: Umbreon|Foul Play|p1a: Melmetal\n|-damage|p1a: Melmetal|39\/100\n|move|p1a: Melmetal|Thunder Wave|p2a: Umbreon\n|-status|p2a: Umbreon|par\n|-activate|p2a: Umbreon|ability: Synchronize\n|-status|p1a: Melmetal|par\n|\n|-weather|SunnyDay|[upkeep]\n|-heal|p1a: Melmetal|45\/100 par|[from] item: Leftovers\n|upkeep\n|turn|68\n|c| supersam10001|nah venu wins\n|c|@pastagirl\u2601|oof\n|c| AarnavRegmi|rip\n|\n|t:|1610444032\n|switch|p2a: Heracross|Heracross, M|11\/100\n|cant|p1a: Melmetal|par\n|\n|-weather|SunnyDay|[upkeep]\n|-heal|p2a: Heracross|17\/100|[from] item: Leftovers\n|-heal|p1a: Melmetal|51\/100 par|[from] item: Leftovers\n|upkeep\n|turn|69\n|\n|t:|1610444037\n|move|p2a: Heracross|Close Combat|p1a: Melmetal\n|-supereffective|p1a: Melmetal\n|-damage|p1a: Melmetal|20\/100 par\n|-unboost|p2a: Heracross|def|1\n|-unboost|p2a: Heracross|spd|1\n|cant|p1a: Melmetal|par\n|\n|-weather|SunnyDay|[upkeep]\n|-heal|p2a: Heracross|23\/100|[from] item: Leftovers\n|-heal|p1a: Melmetal|26\/100 par|[from] item: Leftovers\n|upkeep\n|turn|70\n|c|+georgiethefirst|live by the twave\n|c| AarnavRegmi|ggs\n|c|+georgiethefirst|die by the twave\n|c|+georgiethefirst|ggs\n|\n|t:|1610444042\n|move|p2a: Heracross|Close Combat|p1a: Melmetal\n|-supereffective|p1a: Melmetal\n|-damage|p1a: Melmetal|0 fnt\n|-unboost|p2a: Heracross|def|1\n|-unboost|p2a: Heracross|spd|1\n|faint|p1a: Melmetal\n|\n|win|Kazt_5\n|n|\u2606yung mirio|yungmirio\n|n|\u2606Kazt_5|kazt5\n|n| milk is sour|milkissour\n|n| georgiethefirst|georgiethefirst\n|n| pastagirl\u2601|pastagirl\n|n| AarnavRegmi|aarnavregmi\n|n| Piyush21|piyush21\n|n| supersam10001|supersam10001\n|n| Spirit Master Y|spiritmastery\n|n| Kazene|kazene\n|n| Oiseau Bleu|oiseaubleu\n|n| PortugalTheDude|portugalthedude\n|c|\u2606yung mirio|gg\n|c| AarnavRegmi|wow\n|l| georgiethefirst\n|c|\u2606Kazt_5|gg\n|c|\u2606Kazt_5|lol\n|l| Spirit Master Y\n|l| supersam10001\n|c| AarnavRegmi|my rng is worse tho\n|l| milk is sour\n|l|\u2606Kazt_5\n|c| AarnavRegmi|ggs\n|l|\u2606yung mirio\n|l| Piyush21\n|l| AarnavRegmi\n|l| pastagirl\u2601\n|l| PortugalTheDude\n","uploadtime":1610444043,"views":47,"p1id":"yungmirio","p2id":"kazt5","formatid":"gen8ou","rating":0,"private":0,"password":null}