{"id":"gen8ou-1181475651","p1":"isheavydead","p2":"LT74PF Released","format":"gen8ou","log":"|raw|<div class=\"broadcast-blue\"><strong>This battle is required to be public due to a player having a name starting with 'LT74PF'.<\/div>\n|j|\u2606isheavydead\n|j|\u2606LT74PF Released\n|t:|1599273455\n|player|p1|isheavydead|2|1785\n|player|p2|LT74PF Released|winona-gen6|1968\n|teamsize|p1|6\n|teamsize|p2|6\n|gametype|singles\n|gen|8\n|tier|[Gen 8] OU\n|rated|\n|clearpoke\n|poke|p1|Haxorus, F|\n|poke|p1|Volcarona, M|\n|poke|p1|Ninetales-Alola, M|\n|poke|p1|Excadrill, F|\n|poke|p1|Urshifu-*, F|\n|poke|p1|Azumarill, F|\n|poke|p2|Coalossal, M|\n|poke|p2|Rillaboom, F|\n|poke|p2|Primarina, M|\n|poke|p2|Volcarona, F|\n|poke|p2|Jirachi|\n|poke|p2|Urshifu-*, F|\n|rule|Sleep Clause Mod: Limit one foe put to sleep\n|rule|Species Clause: Limit one of each Pok\u00e9mon\n|rule|OHKO Clause: OHKO moves are banned\n|rule|Evasion Moves Clause: Evasion moves are banned\n|rule|Endless Battle Clause: Forcing endless battles is banned\n|rule|HP Percentage Mod: HP is shown in percentages\n|rule|Dynamax Clause: You cannot dynamax\n|teampreview\n|j| TornadusF4n\n|j| egalvanc\n|j| LT74PF INTERNAL\n|c| egalvanc|VAMOS SAGIRI\n|l| TornadusF4n\n|\n|t:|1599273464\n|start\n|switch|p1a: Excadrill|Excadrill, F, shiny|100\/100\n|switch|p2a: Urshifu|Urshifu, F|100\/100\n|-ability|p1a: Excadrill|Mold Breaker\n|turn|1\n|inactive|Battle timer is ON: inactive players will automatically lose when time's up. (requested by isheavydead)\n|\n|t:|1599273467\n|move|p1a: Excadrill|Stealth Rock|p2a: Urshifu\n|-sidestart|p2: LT74PF Released|move: Stealth Rock\n|move|p2a: Urshifu|Wicked Blow|p1a: Excadrill\n|-crit|p1a: Excadrill\n|-enditem|p1a: Excadrill|Focus Sash\n|-damage|p1a: Excadrill|1\/100\n|\n|upkeep\n|turn|2\n|c| egalvanc|ME CAGO EN DIOS\n|\n|t:|1599273469\n|move|p1a: Excadrill|Steel Beam|p2a: Urshifu\n|-damage|p2a: Urshifu|64\/100\n|-damage|p1a: Excadrill|0 fnt|[from] mindblown\n|faint|p1a: Excadrill\n|move|p2a: Urshifu|Wicked Blow|p1: Excadrill|[notarget]\n|-fail|p2a: Urshifu\n|\n|upkeep\n|\n|t:|1599273478\n|switch|p1a: Ninetales|Ninetales-Alola, M, shiny|100\/100\n|-weather|Hail|[from] ability: Snow Warning|[of] p1a: Ninetales\n|turn|3\n|j| Bernardl'airemite\n|c|\u2606LT74PF Released|yo si que me cago en dios\n|\n|t:|1599273483\n|switch|p2a: Coalossal|Coalossal, M|100\/100\n|move|p1a: Ninetales|Moonblast|p2a: Coalossal\n|-resisted|p2a: Coalossal\n|-damage|p2a: Coalossal|89\/100\n|\n|-weather|Hail|[upkeep]\n|-damage|p2a: Coalossal|83\/100|[from] Hail\n|upkeep\n|turn|4\n|j| Angel Tobiichi\n|\n|t:|1599273487\n|move|p1a: Ninetales|Aurora Veil|p1a: Ninetales\n|-sidestart|p1: isheavydead|move: Aurora Veil\n|move|p2a: Coalossal|Rapid Spin|p1a: Ninetales\n|-damage|p1a: Ninetales|95\/100\n|-boost|p2a: Coalossal|spe|1\n|-sideend|p2: LT74PF Released|Stealth Rock|[from] move: Rapid Spin|[of] p2a: Coalossal\n|\n|-weather|Hail|[upkeep]\n|-damage|p2a: Coalossal|77\/100|[from] Hail\n|upkeep\n|turn|5\n|\n|t:|1599273489\n|switch|p2a: Jirachi|Jirachi|100\/100\n|move|p1a: Ninetales|Encore||[still]\n|-fail|p1a: Ninetales\n|\n|-weather|Hail|[upkeep]\n|-damage|p2a: Jirachi|94\/100|[from] Hail\n|upkeep\n|turn|6\n|\n|t:|1599273494\n|switch|p1a: Azumarill|Azumarill, F|100\/100\n|move|p2a: Jirachi|Iron Head|p1a: Azumarill\n|-damage|p1a: Azumarill|83\/100\n|\n|-weather|Hail|[upkeep]\n|-damage|p2a: Jirachi|88\/100|[from] Hail\n|-damage|p1a: Azumarill|77\/100|[from] Hail\n|upkeep\n|turn|7\n|\n|t:|1599273498\n|switch|p2a: Coalossal|Coalossal, M|77\/100\n|move|p1a: Azumarill|Knock Off|p2a: Coalossal\n|-damage|p2a: Coalossal|53\/100\n|-enditem|p2a: Coalossal|Heavy-Duty Boots|[from] move: Knock Off|[of] p1a: Azumarill\n|\n|-weather|none\n|upkeep\n|turn|8\n|\n|t:|1599273502\n|move|p1a: Azumarill|Aqua Jet|p2a: Coalossal\n|-supereffective|p2a: Coalossal\n|-damage|p2a: Coalossal|1\/100\n|move|p2a: Coalossal|Stealth Rock|p1a: Azumarill\n|-sidestart|p1: isheavydead|move: Stealth Rock\n|\n|upkeep\n|turn|9\n|\n|t:|1599273507\n|move|p1a: Azumarill|Play Rough|p2a: Coalossal\n|-resisted|p2a: Coalossal\n|-damage|p2a: Coalossal|0 fnt\n|faint|p2a: Coalossal\n|\n|upkeep\n|c|\u2606LT74PF Released|si lo llega a quemar\n|c|\u2606LT74PF Released|me hago paja en directo\n|c| egalvanc|JAJAJJJJJAJAJJAJAJ\n|j| lt74pf din\n|\n|t:|1599273533\n|switch|p2a: Rillaboom|Rillaboom, F|100\/100\n|-fieldstart|move: Grassy Terrain|[from] ability: Grassy Surge|[of] p2a: Rillaboom\n|turn|10\n|c| egalvanc|te la sacas\n|c| egalvanc|y con la misma\n|j| Livio ElTito\n|inactive|LT74PF Released has 120 seconds left.\n|j| Storm Zone\n|c| egalvanc|pim\n|c| egalvanc|pam\n|c|\u2606LT74PF Released|no\n|c| egalvanc|jjajajj\n|c|\u2606LT74PF Released|pongo el pin del movil\n|c|\u2606LT74PF Released|con los huevos\n|c| egalvanc|:U\n|\n|t:|1599273578\n|move|p2a: Rillaboom|Grassy Glide|p1a: Azumarill\n|-supereffective|p1a: Azumarill\n|-damage|p1a: Azumarill|6\/100\n|-enditem|p1a: Azumarill|Sitrus Berry|[eat]\n|-heal|p1a: Azumarill|31\/100|[from] item: Sitrus Berry\n|-damage|p2a: Rillaboom|91\/100|[from] item: Life Orb\n|move|p1a: Azumarill|Play Rough|p2a: Rillaboom\n|-damage|p2a: Rillaboom|24\/100\n|\n|-heal|p2a: Rillaboom|30\/100|[from] Grassy Terrain\n|-heal|p1a: Azumarill|37\/100|[from] Grassy Terrain\n|upkeep\n|turn|11\n|\n|t:|1599273585\n|move|p2a: Rillaboom|High Horsepower|p1a: Azumarill\n|-damage|p1a: Azumarill|12\/100\n|-damage|p2a: Rillaboom|20\/100|[from] item: Life Orb\n|move|p1a: Azumarill|Play Rough|p2a: Rillaboom\n|-damage|p2a: Rillaboom|0 fnt\n|faint|p2a: Rillaboom\n|\n|-heal|p1a: Azumarill|18\/100|[from] Grassy Terrain\n|-sideend|p1: isheavydead|move: Aurora Veil\n|upkeep\n|\n|t:|1599273588\n|switch|p2a: Jirachi|Jirachi|88\/100\n|turn|12\n|j| LT74PF Ash\n|j| Accidental Goddess\n|c| egalvanc|bueno tu sigue dandole sagiri\n|inactive|isheavydead has 120 seconds left.\n|c|\u2606LT74PF Released|eso hare\n|c| egalvanc|que vas a llegar\n|\n|t:|1599273622\n|move|p1a: Azumarill|Aqua Jet|p2a: Jirachi\n|-damage|p2a: Jirachi|59\/100\n|move|p2a: Jirachi|Iron Head|p1a: Azumarill\n|-damage|p1a: Azumarill|0 fnt\n|faint|p1a: Azumarill\n|\n|-heal|p2a: Jirachi|65\/100|[from] Grassy Terrain\n|upkeep\n|\n|t:|1599273625\n|switch|p1a: Volcarona|Volcarona, M|100\/100\n|turn|13\n|c|\u2606LT74PF Released|pero si me haxean me sigo comiendo 4 mierdas\n|\n|t:|1599273631\n|move|p2a: Jirachi|Meteor Beam||[still]\n|-prepare|p2a: Jirachi|Meteor Beam\n|-boost|p2a: Jirachi|spa|1\n|-enditem|p2a: Jirachi|Power Herb\n|-anim|p2a: Jirachi|Meteor Beam|p1a: Volcarona\n|-supereffective|p1a: Volcarona\n|-damage|p1a: Volcarona|0 fnt\n|faint|p1a: Volcarona\n|\n|-heal|p2a: Jirachi|71\/100|[from] Grassy Terrain\n|upkeep\n|c|\u2606isheavydead|bruh\n|\n|t:|1599273636\n|switch|p1a: Urshifu|Urshifu, F|100\/100\n|-damage|p1a: Urshifu|94\/100|[from] Stealth Rock\n|turn|14\n|\n|t:|1599273643\n|switch|p2a: Primarina|Primarina, M|100\/100\n|move|p1a: Urshifu|Sucker Punch||[still]\n|-fail|p1a: Urshifu\n|\n|-heal|p1a: Urshifu|100\/100|[from] Grassy Terrain\n|-fieldend|move: Grassy Terrain\n|upkeep\n|turn|15\n|l| Bernardl'airemite\n|\n|t:|1599273672\n|switch|p1a: Ninetales|Ninetales-Alola, M, shiny|95\/100\n|-damage|p1a: Ninetales|70\/100|[from] Stealth Rock\n|-weather|Hail|[from] ability: Snow Warning|[of] p1a: Ninetales\n|move|p2a: Primarina|Draining Kiss|p1a: Ninetales\n|-damage|p1a: Ninetales|51\/100\n|\n|-weather|Hail|[upkeep]\n|-damage|p2a: Primarina|94\/100|[from] Hail\n|-heal|p2a: Primarina|100\/100|[from] item: Leftovers\n|upkeep\n|turn|16\n|\n|t:|1599273675\n|move|p1a: Ninetales|Aurora Veil|p1a: Ninetales\n|-sidestart|p1: isheavydead|move: Aurora Veil\n|move|p2a: Primarina|Scald|p1a: Ninetales\n|-damage|p1a: Ninetales|33\/100\n|\n|-weather|Hail|[upkeep]\n|-damage|p2a: Primarina|94\/100|[from] Hail\n|-heal|p2a: Primarina|100\/100|[from] item: Leftovers\n|upkeep\n|turn|17\n|c| Livio ElTito|\u00bfY el v\u00eddeo egal?\n|\n|t:|1599273683\n|switch|p2a: Urshifu|Urshifu, F|64\/100\n|move|p1a: Ninetales|Freeze-Dry|p2a: Urshifu\n|-damage|p2a: Urshifu|32\/100\n|\n|-weather|Hail|[upkeep]\n|-damage|p2a: Urshifu|26\/100|[from] Hail\n|upkeep\n|turn|18\n|\n|t:|1599273690\n|switch|p2a: Jirachi|Jirachi|71\/100\n|move|p1a: Ninetales|Moonblast|p2a: Jirachi\n|-resisted|p2a: Jirachi\n|-damage|p2a: Jirachi|57\/100\n|\n|-weather|Hail|[upkeep]\n|-damage|p2a: Jirachi|51\/100|[from] Hail\n|upkeep\n|turn|19\n|c| LT74PF Ash|?y el video egal?\n|\n|t:|1599273712\n|move|p1a: Ninetales|Freeze-Dry|p2a: Jirachi\n|-resisted|p2a: Jirachi\n|-damage|p2a: Jirachi|41\/100\n|-status|p2a: Jirachi|frz\n|cant|p2a: Jirachi|frz\n|\n|-weather|none\n|upkeep\n|turn|20\n|c|\u2606LT74PF Released|mi puta madre\n|\n|t:|1599273719\n|switch|p1a: Haxorus|Haxorus, F, shiny|100\/100\n|-damage|p1a: Haxorus|88\/100|[from] Stealth Rock\n|-ability|p1a: Haxorus|Mold Breaker\n|cant|p2a: Jirachi|frz\n|\n|upkeep\n|turn|21\n|\n|t:|1599273723\n|cant|p2a: Jirachi|frz\n|move|p1a: Haxorus|Swords Dance|p1a: Haxorus\n|-boost|p1a: Haxorus|atk|2\n|\n|upkeep\n|turn|22\n|c| LT74PF Ash|kkkkkkkkkkkkkkkkkkk\n|\n|t:|1599273725\n|cant|p2a: Jirachi|frz\n|move|p1a: Haxorus|Scale Shot|p2a: Jirachi\n|-resisted|p2a: Jirachi\n|-damage|p2a: Jirachi|25\/100 frz\n|-resisted|p2a: Jirachi\n|-damage|p2a: Jirachi|8\/100 frz\n|-resisted|p2a: Jirachi\n|-damage|p2a: Jirachi|0 fnt\n|-hitcount|p2a: Jirachi|3\n|-unboost|p1a: Haxorus|def|1\n|-boost|p1a: Haxorus|spe|1\n|faint|p2a: Jirachi\n|\n|upkeep\n|c| Livio ElTito|Voce nao tem \u00bf\n|c| Livio ElTito|ash\n|c| Livio ElTito|XD\n|\n|t:|1599273734\n|switch|p2a: Volcarona|Volcarona, F|100\/100\n|turn|23\n|c| LT74PF Ash|si\n|l| Accidental Goddess\n|c| LT74PF Ash|no\n|\n|t:|1599273753\n|move|p1a: Haxorus|Scale Shot|p2a: Volcarona\n|-damage|p2a: Volcarona|53\/100\n|-damage|p2a: Volcarona|11\/100\n|-damage|p2a: Volcarona|0 fnt\n|-hitcount|p2a: Volcarona|3\n|-unboost|p1a: Haxorus|def|1\n|-boost|p1a: Haxorus|spe|1\n|faint|p2a: Volcarona\n|\n|-sideend|p1: isheavydead|move: Aurora Veil\n|upkeep\n|\n|t:|1599273756\n|switch|p2a: Urshifu|Urshifu, F|26\/100\n|turn|24\n|c| egalvanc|livio el tito\n|c| egalvanc|no se ha subido?\n|\n|t:|1599273761\n|switch|p1a: Ninetales|Ninetales-Alola, M, shiny|33\/100\n|-damage|p1a: Ninetales|9\/100|[from] Stealth Rock\n|-weather|Hail|[from] ability: Snow Warning|[of] p1a: Ninetales\n|move|p2a: Urshifu|Sucker Punch||[still]\n|-fail|p2a: Urshifu\n|\n|-weather|Hail|[upkeep]\n|-damage|p2a: Urshifu|20\/100|[from] Hail\n|upkeep\n|turn|25\n|\n|t:|1599273771\n|move|p1a: Ninetales|Aurora Veil|p1a: Ninetales\n|-sidestart|p1: isheavydead|move: Aurora Veil\n|move|p2a: Urshifu|Wicked Blow|p1a: Ninetales\n|-resisted|p1a: Ninetales\n|-crit|p1a: Ninetales\n|-damage|p1a: Ninetales|0 fnt\n|faint|p1a: Ninetales\n|\n|-weather|Hail|[upkeep]\n|-damage|p2a: Urshifu|14\/100|[from] Hail\n|upkeep\n|\n|t:|1599273777\n|switch|p1a: Urshifu|Urshifu, F|100\/100\n|-damage|p1a: Urshifu|94\/100|[from] Stealth Rock\n|turn|26\n|\n|t:|1599273780\n|move|p1a: Urshifu|Wicked Blow|p2a: Urshifu\n|-resisted|p2a: Urshifu\n|-crit|p2a: Urshifu\n|-damage|p2a: Urshifu|0 fnt\n|faint|p2a: Urshifu\n|\n|-weather|Hail|[upkeep]\n|-damage|p1a: Urshifu|88\/100|[from] Hail\n|upkeep\n|\n|t:|1599273781\n|switch|p2a: Primarina|Primarina, M|100\/100\n|turn|27\n|\n|t:|1599273783\n|move|p1a: Urshifu|Wicked Blow|p2a: Primarina\n|-resisted|p2a: Primarina\n|-crit|p2a: Primarina\n|-damage|p2a: Primarina|70\/100\n|move|p2a: Primarina|Calm Mind|p2a: Primarina\n|-boost|p2a: Primarina|spa|1\n|-boost|p2a: Primarina|spd|1\n|\n|-weather|Hail|[upkeep]\n|-damage|p1a: Urshifu|82\/100|[from] Hail\n|-damage|p2a: Primarina|64\/100|[from] Hail\n|-heal|p2a: Primarina|70\/100|[from] item: Leftovers\n|upkeep\n|turn|28\n|\n|t:|1599273786\n|move|p1a: Urshifu|Wicked Blow|p2a: Primarina\n|-resisted|p2a: Primarina\n|-crit|p2a: Primarina\n|-damage|p2a: Primarina|39\/100\n|move|p2a: Primarina|Calm Mind|p2a: Primarina\n|-boost|p2a: Primarina|spa|1\n|-boost|p2a: Primarina|spd|1\n|\n|-weather|none\n|-heal|p2a: Primarina|45\/100|[from] item: Leftovers\n|upkeep\n|turn|29\n|c| Livio ElTito|pens\u00e9 que lo dir\u00edas por el discord\n|\n|t:|1599273789\n|move|p1a: Urshifu|Wicked Blow|p2a: Primarina\n|-resisted|p2a: Primarina\n|-crit|p2a: Primarina\n|-damage|p2a: Primarina|14\/100\n|move|p2a: Primarina|Draining Kiss|p1a: Urshifu\n|-supereffective|p1a: Urshifu\n|-damage|p1a: Urshifu|0 fnt\n|-heal|p2a: Primarina|72\/100|[from] drain|[of] p1a: Urshifu\n|faint|p1a: Urshifu\n|\n|-heal|p2a: Primarina|78\/100|[from] item: Leftovers\n|upkeep\n|\n|t:|1599273791\n|switch|p1a: Haxorus|Haxorus, F, shiny|88\/100\n|-damage|p1a: Haxorus|76\/100|[from] Stealth Rock\n|-ability|p1a: Haxorus|Mold Breaker\n|turn|30\n|c|\u2606isheavydead|gg\n|\n|t:|1599273795\n|move|p1a: Haxorus|Poison Jab|p2a: Primarina\n|-supereffective|p2a: Primarina\n|-damage|p2a: Primarina|29\/100\n|-status|p2a: Primarina|psn\n|move|p2a: Primarina|Substitute|p2a: Primarina\n|-start|p2a: Primarina|Substitute\n|-damage|p2a: Primarina|4\/100 psn\n|\n|-heal|p2a: Primarina|10\/100 psn|[from] item: Leftovers\n|-damage|p2a: Primarina|0 fnt|[from] psn\n|faint|p2a: Primarina\n|\n|win|isheavydead\n|upkeep\n|c| egalvanc|joder\n|c|\u2606LT74PF Released|quien va\n|c| egalvanc|no se sube\n|c|\u2606LT74PF Released|hard poison\n|c| LT74PF Ash|LOL\n|c|\u2606LT74PF Released|LOL\n|c| Storm Zone|lol\n|c| egalvanc|la mierda esa\n|c| Storm Zone|,\n|c| LT74PF INTERNAL|,\n|raw|isheavydead's rating: 1819 &rarr; <strong>1847<\/strong><br \/>(+28 for winning)\n|raw|LT74PF Released's rating: 1968 &rarr; <strong>1940<\/strong><br \/>(-28 for losing)\n|c| LT74PF INTERNAL|wt\n|l| Storm Zone\n|c| LT74PF INTERNAL|LOL\n|c| LT74PF Ash|who subs there\n|c| LT74PF Ash|lmao\n|c|\u2606LT74PF Released|bro\n|c|\u2606LT74PF Released|hw go for sd\n|c|\u2606LT74PF Released|and win\n|c|\u2606isheavydead|WHAT\n|c| LT74PF Ash|lmao\n|c| LT74PF INTERNAL|NO\n|l| egalvanc\n|c|\u2606isheavydead|LOL\n|c| LT74PF INTERNAL|LOOOL\n|c|\u2606isheavydead|OMG\n|c|\u2606LT74PF Released|im trying to stall veil\n|c|\u2606isheavydead|a\n|c|\u2606isheavydead|AHHH\n|c|\u2606isheavydead|sorry\n|l| LT74PF Ash\n|c| Livio ElTito|no se ha subido de momento\n|c|\u2606isheavydead|omega lulz\n|c| LT74PF INTERNAL|isheavydead\n|c| LT74PF INTERNAL|queue\n|c|\u2606isheavydead|yo\n|c|\u2606isheavydead|gotchu\n|c|\u2606isheavydead|fam\n|c| Livio ElTito|\u00bfhuh\n|c|\u2606LT74PF Released|+2 8 SpA Primarina Draining Kiss vs. 0 HP \/ 4 SpD Haxorus with an ally's Aurora Veil: 177-208 (60.4 - 70.9%) -- 81.3% chance to OHKO\n|c|\u2606LT74PF Released|XD\n|c|\u2606isheavydead|are u queued?\n|c| Livio ElTito|XD\n|c|\u2606isheavydead|LOL\n|c| Livio ElTito|\u00bfqu\u00f1e es qeued\n|c|\u2606isheavydead|wait\n|c|\u2606isheavydead|im at 76%\n|c| Livio ElTito|Have a nice day everyone :D\n|c|\u2606LT74PF Released|ye\n|j| DarkZone Act 1\n|j| Ox the Fox\n|c|\u2606LT74PF Released|jab doesnt kill me\n|c|\u2606LT74PF Released|i sub\n|j| JezebelleXX\n","uploadtime":1599273977,"views":116,"p1id":"isheavydead","p2id":"lt74pfreleased","formatid":"gen8ou","rating":1847,"private":0,"password":null}