{"id":"gen8ou-1168905932","p1":"Lenape","p2":"LT72MS Lio","format":"gen8ou","log":"|raw|<div class=\"broadcast-blue\"><strong>This battle is required to be public due to a player having a name prefixed by 'LT72MS'.<\/div>\n|j|\u2606Lenape\n|j|\u2606LT72MS Lio\n|t:|1597427891\n|player|p1|Lenape|2|1896\n|player|p2|LT72MS Lio|266|1789\n|teamsize|p1|6\n|teamsize|p2|6\n|gametype|singles\n|gen|8\n|tier|[Gen 8] OU\n|rated|\n|clearpoke\n|poke|p1|Rotom-Heat|\n|poke|p1|Corviknight, M|\n|poke|p1|Sylveon, M|\n|poke|p1|Rhyperior, M|\n|poke|p1|Toxapex, M|\n|poke|p1|Umbreon, F|\n|poke|p2|Crawdaunt, F|\n|poke|p2|Zeraora|\n|poke|p2|Dragapult, M|\n|poke|p2|Clefable, M|\n|poke|p2|Tangrowth, F|\n|poke|p2|Excadrill, M|\n|rule|Sleep Clause Mod: Limit one foe put to sleep\n|rule|Species Clause: Limit one of each Pok\u00e9mon\n|rule|OHKO Clause: OHKO moves are banned\n|rule|Evasion Moves Clause: Evasion moves are banned\n|rule|Endless Battle Clause: Forcing endless battles is banned\n|rule|HP Percentage Mod: HP is shown in percentages\n|rule|Dynamax Clause: You cannot dynamax\n|teampreview\n|j| LT72MS Ayk\n|inactive|Battle timer is ON: inactive players will automatically lose when time's up. (requested by Lenape)\n|j|@Alpha@!\n|j| Profdesinnoh\n|\n|t:|1597427907\n|start\n|switch|p1a: Toxapex|Toxapex, M|100\/100\n|switch|p2a: Tangrowth|Tangrowth, F|100\/100\n|turn|1\n|j| viash \u3002 \u035c\u3064 \u00b0\n|\n|t:|1597427909\n|move|p2a: Tangrowth|Sleep Powder|p1a: Toxapex\n|-status|p1a: Toxapex|slp|[from] move: Sleep Powder\n|cant|p1a: Toxapex|slp\n|\n|upkeep\n|turn|2\n|\n|t:|1597427913\n|switch|p2a: Crawdaunt|Crawdaunt, F|100\/100\n|switch|p1a: Umbreon|Umbreon, F|100\/100\n|\n|upkeep\n|turn|3\n|j| CreditKarma\n|\n|t:|1597427921\n|switch|p2a: Clefable|Clefable, M|100\/100\n|move|p1a: Umbreon|Foul Play|p2a: Clefable\n|-resisted|p2a: Clefable\n|-damage|p2a: Clefable|93\/100\n|\n|-heal|p2a: Clefable|99\/100|[from] item: Leftovers\n|upkeep\n|turn|4\n|\n|t:|1597427925\n|move|p1a: Umbreon|Heal Bell|p1a: Umbreon\n|-activate|p1a: Umbreon|move: Heal Bell\n|-curestatus|p1: Toxapex|slp|[msg]\n|move|p2a: Clefable|Moonblast|p1a: Umbreon\n|-supereffective|p1a: Umbreon\n|-damage|p1a: Umbreon|59\/100\n|\n|-heal|p1a: Umbreon|65\/100|[from] item: Leftovers\n|-heal|p2a: Clefable|100\/100|[from] item: Leftovers\n|upkeep\n|turn|5\n|\n|t:|1597427932\n|move|p1a: Umbreon|Wish|p1a: Umbreon\n|move|p2a: Clefable|Moonblast|p1a: Umbreon\n|-supereffective|p1a: Umbreon\n|-damage|p1a: Umbreon|22\/100\n|\n|-heal|p1a: Umbreon|28\/100|[from] item: Leftovers\n|upkeep\n|turn|6\n|\n|t:|1597427935\n|move|p1a: Umbreon|Protect|p1a: Umbreon\n|-singleturn|p1a: Umbreon|Protect\n|move|p2a: Clefable|Teleport|p2a: Clefable\n|\n|t:|1597427937\n|switch|p2a: Tangrowth|Tangrowth, F|100\/100|[from]move: Teleport\n|\n|-heal|p1a: Umbreon|78\/100|[from] move: Wish|[wisher] Umbreon\n|-heal|p1a: Umbreon|84\/100|[from] item: Leftovers\n|upkeep\n|turn|7\n|j| hipster garbage\n|\n|t:|1597427944\n|switch|p1a: Sylveon|Sylveon, M|100\/100\n|move|p2a: Tangrowth|Sleep Powder|p1a: Sylveon\n|-status|p1a: Sylveon|slp|[from] move: Sleep Powder\n|\n|upkeep\n|turn|8\n|\n|t:|1597427947\n|switch|p1a: Umbreon|Umbreon, F|84\/100\n|switch|p2a: Excadrill|Excadrill, M|100\/100\n|-ability|p2a: Excadrill|Mold Breaker\n|\n|-heal|p1a: Umbreon|90\/100|[from] item: Leftovers\n|upkeep\n|turn|9\n|j| asdcxzvcxzbv\n|\n|t:|1597427951\n|move|p2a: Excadrill|Stealth Rock|p1a: Umbreon\n|-sidestart|p1: Lenape|move: Stealth Rock\n|move|p1a: Umbreon|Foul Play|p2a: Excadrill\n|-damage|p2a: Excadrill|43\/100\n|\n|-heal|p2a: Excadrill|49\/100|[from] item: Leftovers\n|-heal|p1a: Umbreon|96\/100|[from] item: Leftovers\n|upkeep\n|turn|10\n|\n|t:|1597427953\n|switch|p2a: Clefable|Clefable, M|100\/100\n|move|p1a: Umbreon|Wish|p1a: Umbreon\n|\n|-heal|p1a: Umbreon|100\/100|[from] item: Leftovers\n|upkeep\n|turn|11\n|l| hipster garbage\n|\n|t:|1597427962\n|move|p1a: Umbreon|Foul Play|p2a: Clefable\n|-resisted|p2a: Clefable\n|-damage|p2a: Clefable|93\/100\n|move|p2a: Clefable|Wish|p2a: Clefable\n|\n|-heal|p2a: Clefable|99\/100|[from] item: Leftovers\n|upkeep\n|turn|12\n|\n|t:|1597427966\n|move|p1a: Umbreon|Wish|p1a: Umbreon\n|move|p2a: Clefable|Teleport|p2a: Clefable\n|\n|t:|1597427967\n|switch|p2a: Excadrill|Excadrill, M|49\/100|[from]move: Teleport\n|-ability|p2a: Excadrill|Mold Breaker\n|\n|-heal|p2a: Excadrill|100\/100|[from] move: Wish|[wisher] Clefable\n|upkeep\n|turn|13\n|\n|t:|1597427972\n|switch|p2a: Tangrowth|Tangrowth, F|100\/100\n|move|p1a: Umbreon|Foul Play|p2a: Tangrowth\n|-damage|p2a: Tangrowth|84\/100\n|-damage|p1a: Umbreon|84\/100|[from] item: Rocky Helmet|[of] p2a: Tangrowth\n|\n|-heal|p1a: Umbreon|100\/100|[from] move: Wish|[wisher] Umbreon\n|upkeep\n|turn|14\n|\n|t:|1597427976\n|move|p1a: Umbreon|Protect|p1a: Umbreon\n|-singleturn|p1a: Umbreon|Protect\n|move|p2a: Tangrowth|Knock Off|p1a: Umbreon\n|-activate|p1a: Umbreon|move: Protect\n|\n|upkeep\n|turn|15\n|\n|t:|1597427984\n|switch|p1a: Toxapex|Toxapex, M|100\/100\n|-damage|p1a: Toxapex|88\/100|[from] Stealth Rock\n|move|p2a: Tangrowth|Knock Off|p1a: Toxapex\n|-damage|p1a: Toxapex|75\/100\n|-enditem|p1a: Toxapex|Black Sludge|[from] move: Knock Off|[of] p2a: Tangrowth\n|\n|upkeep\n|turn|16\n|\n|t:|1597427991\n|switch|p2a: Clefable|Clefable, M|99\/100\n|move|p1a: Toxapex|Scald|p2a: Clefable\n|-damage|p2a: Clefable|83\/100\n|-status|p2a: Clefable|brn\n|\n|-heal|p2a: Clefable|89\/100 brn|[from] item: Leftovers\n|upkeep\n|turn|17\n|\n|t:|1597428004\n|move|p1a: Toxapex|Recover|p1a: Toxapex\n|-heal|p1a: Toxapex|100\/100\n|move|p2a: Clefable|Teleport|p2a: Clefable\n|\n|t:|1597428006\n|switch|p2a: Zeraora|Zeraora|100\/100|[from]move: Teleport\n|\n|upkeep\n|turn|18\n|\n|t:|1597428008\n|move|p2a: Zeraora|Volt Switch|p1a: Toxapex\n|-supereffective|p1a: Toxapex\n|-damage|p1a: Toxapex|58\/100\n|\n|t:|1597428010\n|switch|p2a: Clefable|Clefable, M|89\/100 brn|[from]move: Volt Switch\n|move|p1a: Toxapex|Toxic||[still]\n|-fail|p1a: Toxapex\n|\n|-heal|p2a: Clefable|95\/100 brn|[from] item: Leftovers\n|upkeep\n|turn|19\n|\n|t:|1597428013\n|move|p1a: Toxapex|Recover|p1a: Toxapex\n|-heal|p1a: Toxapex|100\/100\n|move|p2a: Clefable|Teleport|p2a: Clefable\n|\n|t:|1597428014\n|switch|p2a: Zeraora|Zeraora|100\/100|[from]move: Teleport\n|\n|upkeep\n|turn|20\n|l| asdcxzvcxzbv\n|\n|t:|1597428021\n|switch|p1a: Rotom|Rotom-Heat|100\/100\n|-damage|p1a: Rotom|76\/100|[from] Stealth Rock\n|move|p2a: Zeraora|Volt Switch|p1a: Rotom\n|-resisted|p1a: Rotom\n|-damage|p1a: Rotom|59\/100\n|\n|t:|1597428024\n|switch|p2a: Dragapult|Dragapult, M|100\/100|[from]move: Volt Switch\n|\n|upkeep\n|turn|21\n|\n|t:|1597428029\n|move|p1a: Rotom|Trick|p2a: Dragapult\n|-activate|p1a: Rotom|move: Trick|[of] p2a: Dragapult\n|-item|p2a: Dragapult|Choice Scarf|[from] move: Trick\n|-item|p1a: Rotom|Heavy-Duty Boots|[from] move: Trick\n|move|p2a: Dragapult|U-turn|p1a: Rotom\n|-resisted|p1a: Rotom\n|-damage|p1a: Rotom|49\/100\n|\n|t:|1597428035\n|switch|p2a: Zeraora|Zeraora|100\/100|[from]move: U-turn\n|\n|upkeep\n|turn|22\n|\n|t:|1597428039\n|move|p2a: Zeraora|Close Combat|p1a: Rotom\n|-damage|p1a: Rotom|0 fnt\n|-unboost|p2a: Zeraora|def|1\n|-unboost|p2a: Zeraora|spd|1\n|faint|p1a: Rotom\n|\n|upkeep\n|\n|t:|1597428042\n|switch|p1a: Rhyperior|Rhyperior, M|100\/100\n|-damage|p1a: Rhyperior|94\/100|[from] Stealth Rock\n|turn|23\n|\n|t:|1597428047\n|switch|p2a: Tangrowth|Tangrowth, F|100\/100\n|move|p1a: Rhyperior|Earthquake|p2a: Tangrowth\n|-resisted|p2a: Tangrowth\n|-damage|p2a: Tangrowth|88\/100\n|\n|-heal|p1a: Rhyperior|100\/100|[from] item: Leftovers\n|upkeep\n|turn|24\n|\n|t:|1597428067\n|switch|p2a: Zeraora|Zeraora|100\/100\n|move|p1a: Rhyperior|Stealth Rock|p2a: Zeraora\n|-sidestart|p2: LT72MS Lio|move: Stealth Rock\n|\n|upkeep\n|turn|25\n|\n|t:|1597428084\n|switch|p2a: Tangrowth|Tangrowth, F|100\/100\n|-damage|p2a: Tangrowth|88\/100|[from] Stealth Rock\n|move|p1a: Rhyperior|Rock Blast|p2a: Tangrowth\n|-damage|p2a: Tangrowth|82\/100\n|-damage|p2a: Tangrowth|75\/100\n|-damage|p2a: Tangrowth|69\/100\n|-hitcount|p2a: Tangrowth|3\n|\n|upkeep\n|turn|26\n|\n|t:|1597428089\n|switch|p1a: Toxapex|Toxapex, M|100\/100\n|-damage|p1a: Toxapex|88\/100|[from] Stealth Rock\n|move|p2a: Tangrowth|Giga Drain|p1a: Toxapex\n|-damage|p1a: Toxapex|65\/100\n|-heal|p2a: Tangrowth|78\/100|[from] drain|[of] p1a: Toxapex\n|\n|upkeep\n|turn|27\n|\n|t:|1597428093\n|switch|p2a: Clefable|Clefable, M|95\/100 brn\n|move|p1a: Toxapex|Recover|p1a: Toxapex\n|-heal|p1a: Toxapex|100\/100\n|\n|-heal|p2a: Clefable|100\/100 brn|[from] item: Leftovers\n|upkeep\n|turn|28\n|\n|t:|1597428095\n|move|p1a: Toxapex|Scald|p2a: Clefable\n|-damage|p2a: Clefable|85\/100 brn\n|move|p2a: Clefable|Teleport|p2a: Clefable\n|\n|t:|1597428097\n|switch|p2a: Zeraora|Zeraora|100\/100|[from]move: Teleport\n|\n|upkeep\n|turn|29\n|\n|t:|1597428106\n|move|p2a: Zeraora|Volt Switch|p1a: Toxapex\n|-supereffective|p1a: Toxapex\n|-damage|p1a: Toxapex|61\/100\n|\n|t:|1597428108\n|switch|p2a: Clefable|Clefable, M|85\/100 brn|[from]move: Volt Switch\n|move|p1a: Toxapex|Scald|p2a: Clefable\n|-damage|p2a: Clefable|68\/100 brn\n|\n|-heal|p2a: Clefable|74\/100 brn|[from] item: Leftovers\n|upkeep\n|turn|30\n|\n|t:|1597428111\n|move|p1a: Toxapex|Recover|p1a: Toxapex\n|-heal|p1a: Toxapex|100\/100\n|move|p2a: Clefable|Teleport|p2a: Clefable\n|\n|t:|1597428112\n|switch|p2a: Zeraora|Zeraora|100\/100|[from]move: Teleport\n|\n|upkeep\n|turn|31\n|\n|t:|1597428119\n|move|p2a: Zeraora|Volt Switch|p1a: Toxapex\n|-supereffective|p1a: Toxapex\n|-damage|p1a: Toxapex|57\/100\n|\n|t:|1597428121\n|switch|p2a: Clefable|Clefable, M|74\/100 brn|[from]move: Volt Switch\n|move|p1a: Toxapex|Scald|p2a: Clefable\n|-damage|p2a: Clefable|59\/100 brn\n|\n|-heal|p2a: Clefable|65\/100 brn|[from] item: Leftovers\n|upkeep\n|turn|32\n|\n|t:|1597428123\n|move|p2a: Clefable|Wish|p2a: Clefable\n|move|p1a: Toxapex|Recover|p1a: Toxapex\n|-heal|p1a: Toxapex|100\/100\n|\n|-heal|p2a: Clefable|71\/100 brn|[from] item: Leftovers\n|upkeep\n|turn|33\n|\n|t:|1597428126\n|move|p2a: Clefable|Moonblast|p1a: Toxapex\n|-resisted|p1a: Toxapex\n|-damage|p1a: Toxapex|88\/100\n|move|p1a: Toxapex|Scald|p2a: Clefable\n|-damage|p2a: Clefable|56\/100 brn\n|\n|-heal|p2a: Clefable|100\/100 brn|[from] move: Wish|[wisher] Clefable\n|upkeep\n|turn|34\n|\n|t:|1597428128\n|move|p1a: Toxapex|Scald|p2a: Clefable\n|-crit|p2a: Clefable\n|-damage|p2a: Clefable|76\/100 brn\n|move|p2a: Clefable|Teleport|p2a: Clefable\n|\n|t:|1597428130\n|switch|p2a: Zeraora|Zeraora|100\/100|[from]move: Teleport\n|\n|upkeep\n|turn|35\n|\n|t:|1597428132\n|move|p2a: Zeraora|Volt Switch|p1a: Toxapex\n|-supereffective|p1a: Toxapex\n|-damage|p1a: Toxapex|46\/100\n|\n|t:|1597428134\n|switch|p2a: Clefable|Clefable, M|76\/100 brn|[from]move: Volt Switch\n|move|p1a: Toxapex|Recover|p1a: Toxapex\n|-heal|p1a: Toxapex|96\/100\n|\n|-heal|p2a: Clefable|82\/100 brn|[from] item: Leftovers\n|upkeep\n|turn|36\n|\n|t:|1597428136\n|move|p1a: Toxapex|Scald|p2a: Clefable\n|-damage|p2a: Clefable|66\/100 brn\n|move|p2a: Clefable|Teleport|p2a: Clefable\n|\n|t:|1597428138\n|switch|p2a: Zeraora|Zeraora|100\/100|[from]move: Teleport\n|\n|upkeep\n|turn|37\n|\n|t:|1597428141\n|switch|p1a: Rhyperior|Rhyperior, M|100\/100\n|-damage|p1a: Rhyperior|94\/100|[from] Stealth Rock\n|move|p2a: Zeraora|Volt Switch|p1a: Rhyperior\n|-immune|p1a: Rhyperior\n|\n|-heal|p1a: Rhyperior|100\/100|[from] item: Leftovers\n|upkeep\n|turn|38\n|\n|t:|1597428148\n|switch|p2a: Tangrowth|Tangrowth, F|100\/100\n|-damage|p2a: Tangrowth|88\/100|[from] Stealth Rock\n|switch|p1a: Corviknight|Corviknight, M|100\/100\n|-damage|p1a: Corviknight|88\/100|[from] Stealth Rock\n|-ability|p1a: Corviknight|Pressure\n|\n|-heal|p1a: Corviknight|94\/100|[from] item: Leftovers\n|upkeep\n|turn|39\n|\n|t:|1597428154\n|switch|p2a: Zeraora|Zeraora|100\/100\n|move|p1a: Corviknight|Substitute|p1a: Corviknight\n|-start|p1a: Corviknight|Substitute\n|-damage|p1a: Corviknight|69\/100\n|\n|-heal|p1a: Corviknight|75\/100|[from] item: Leftovers\n|upkeep\n|turn|40\n|l| CreditKarma\n|\n|t:|1597428160\n|move|p2a: Zeraora|Volt Switch|p1a: Corviknight\n|-supereffective|p1a: Corviknight\n|-crit|p1a: Corviknight\n|-end|p1a: Corviknight|Substitute\n|j| khalzi\n|\n|t:|1597428162\n|switch|p2a: Dragapult|Dragapult, M|100\/100|[from]move: Volt Switch\n|-damage|p2a: Dragapult|88\/100|[from] Stealth Rock\n|move|p1a: Corviknight|Brave Bird|p2a: Dragapult\n|-damage|p2a: Dragapult|23\/100\n|-damage|p1a: Corviknight|58\/100|[from] Recoil\n|\n|-heal|p1a: Corviknight|64\/100|[from] item: Leftovers\n|upkeep\n|turn|41\n|\n|t:|1597428174\n|switch|p1a: Umbreon|Umbreon, F|100\/100\n|-damage|p1a: Umbreon|88\/100|[from] Stealth Rock\n|move|p2a: Dragapult|Thunder Wave|p1a: Umbreon\n|-status|p1a: Umbreon|par\n|\n|-heal|p1a: Umbreon|94\/100 par|[from] item: Leftovers\n|upkeep\n|turn|42\n|\n|t:|1597428180\n|switch|p2a: Clefable|Clefable, M|66\/100 brn\n|move|p1a: Umbreon|Heal Bell|p1a: Umbreon\n|-activate|p1a: Umbreon|move: Heal Bell\n|-curestatus|p1a: Umbreon|par|[msg]\n|-curestatus|p1: Sylveon|slp|[msg]\n|\n|-heal|p1a: Umbreon|99\/100|[from] item: Leftovers\n|-heal|p2a: Clefable|73\/100 brn|[from] item: Leftovers\n|upkeep\n|turn|43\n|\n|t:|1597428182\n|move|p1a: Umbreon|Wish|p1a: Umbreon\n|move|p2a: Clefable|Wish|p2a: Clefable\n|\n|-heal|p1a: Umbreon|100\/100|[from] item: Leftovers\n|-heal|p2a: Clefable|79\/100 brn|[from] item: Leftovers\n|upkeep\n|turn|44\n|l| LT72MS Ayk\n|\n|t:|1597428186\n|switch|p1a: Corviknight|Corviknight, M|64\/100\n|-damage|p1a: Corviknight|52\/100|[from] Stealth Rock\n|-ability|p1a: Corviknight|Pressure\n|move|p2a: Clefable|Teleport|p2a: Clefable\n|\n|t:|1597428189\n|switch|p2a: Dragapult|Dragapult, M|23\/100|[from]move: Teleport\n|-damage|p2a: Dragapult|10\/100|[from] Stealth Rock\n|\n|-heal|p2a: Dragapult|72\/100|[from] move: Wish|[wisher] Clefable\n|-heal|p1a: Corviknight|100\/100|[from] move: Wish|[wisher] Umbreon\n|upkeep\n|turn|45\n|l|@Alpha\n|\n|t:|1597428193\n|move|p2a: Dragapult|U-turn|p1a: Corviknight\n|-resisted|p1a: Corviknight\n|-damage|p1a: Corviknight|97\/100\n|\n|t:|1597428196\n|switch|p2a: Zeraora|Zeraora|100\/100|[from]move: U-turn\n|move|p1a: Corviknight|Brave Bird|p2a: Zeraora\n|-resisted|p2a: Zeraora\n|-damage|p2a: Zeraora|60\/100\n|-damage|p1a: Corviknight|86\/100|[from] Recoil\n|\n|-heal|p1a: Corviknight|92\/100|[from] item: Leftovers\n|upkeep\n|turn|46\n|j| LT72MS nah\n|l| LT72MS nah\n|\n|t:|1597428203\n|move|p2a: Zeraora|Toxic|p1a: Corviknight\n|-immune|p1a: Corviknight\n|move|p1a: Corviknight|Roost|p1a: Corviknight\n|-heal|p1a: Corviknight|100\/100\n|-singleturn|p1a: Corviknight|move: Roost\n|\n|upkeep\n|turn|47\n|\n|t:|1597428209\n|switch|p1a: Rhyperior|Rhyperior, M|100\/100\n|-damage|p1a: Rhyperior|94\/100|[from] Stealth Rock\n|move|p2a: Zeraora|Volt Switch|p1a: Rhyperior\n|-immune|p1a: Rhyperior\n|\n|-heal|p1a: Rhyperior|100\/100|[from] item: Leftovers\n|upkeep\n|turn|48\n|\n|t:|1597428213\n|switch|p2a: Tangrowth|Tangrowth, F|100\/100\n|-damage|p2a: Tangrowth|88\/100|[from] Stealth Rock\n|switch|p1a: Corviknight|Corviknight, M|100\/100\n|-damage|p1a: Corviknight|88\/100|[from] Stealth Rock\n|-ability|p1a: Corviknight|Pressure\n|\n|-heal|p1a: Corviknight|94\/100|[from] item: Leftovers\n|upkeep\n|turn|49\n|\n|t:|1597428217\n|switch|p2a: Clefable|Clefable, M|79\/100 brn\n|move|p1a: Corviknight|Substitute|p1a: Corviknight\n|-start|p1a: Corviknight|Substitute\n|-damage|p1a: Corviknight|69\/100\n|\n|-heal|p1a: Corviknight|75\/100|[from] item: Leftovers\n|-heal|p2a: Clefable|85\/100 brn|[from] item: Leftovers\n|upkeep\n|turn|50\n|\n|t:|1597428224\n|move|p1a: Corviknight|Bulk Up|p1a: Corviknight\n|-boost|p1a: Corviknight|atk|1\n|-boost|p1a: Corviknight|def|1\n|move|p2a: Clefable|Teleport|p2a: Clefable\n|\n|t:|1597428226\n|switch|p2a: Zeraora|Zeraora|60\/100|[from]move: Teleport\n|\n|-heal|p1a: Corviknight|82\/100|[from] item: Leftovers\n|upkeep\n|turn|51\n|\n|t:|1597428230\n|move|p2a: Zeraora|Volt Switch|p1a: Corviknight\n|-supereffective|p1a: Corviknight\n|-end|p1a: Corviknight|Substitute\n|\n|t:|1597428232\n|switch|p2a: Clefable|Clefable, M|85\/100 brn|[from]move: Volt Switch\n|move|p1a: Corviknight|Brave Bird|p2a: Clefable\n|-damage|p2a: Clefable|22\/100 brn\n|-damage|p1a: Corviknight|61\/100|[from] Recoil\n|\n|-heal|p1a: Corviknight|67\/100|[from] item: Leftovers\n|-heal|p2a: Clefable|28\/100 brn|[from] item: Leftovers\n|upkeep\n|turn|52\n|\n|t:|1597428240\n|move|p1a: Corviknight|Substitute|p1a: Corviknight\n|-start|p1a: Corviknight|Substitute\n|-damage|p1a: Corviknight|42\/100\n|move|p2a: Clefable|Teleport|p2a: Clefable\n|\n|t:|1597428242\n|switch|p2a: Dragapult|Dragapult, M|72\/100|[from]move: Teleport\n|-damage|p2a: Dragapult|60\/100|[from] Stealth Rock\n|\n|-heal|p1a: Corviknight|49\/100|[from] item: Leftovers\n|upkeep\n|turn|53\n|\n|t:|1597428244\n|move|p2a: Dragapult|Thunder Wave|p1a: Corviknight\n|-status|p1a: Corviknight|par\n|move|p1a: Corviknight|Brave Bird|p2a: Dragapult\n|-damage|p2a: Dragapult|0 fnt\n|-damage|p1a: Corviknight|33\/100 par|[from] Recoil\n|faint|p2a: Dragapult\n|\n|-heal|p1a: Corviknight|39\/100 par|[from] item: Leftovers\n|upkeep\n|\n|t:|1597428250\n|switch|p2a: Zeraora|Zeraora|60\/100\n|turn|54\n|\n|t:|1597428254\n|move|p2a: Zeraora|Plasma Fists|p1a: Corviknight\n|-supereffective|p1a: Corviknight\n|-end|p1a: Corviknight|Substitute\n|move|p1a: Corviknight|Roost|p1a: Corviknight\n|-heal|p1a: Corviknight|89\/100 par\n|-singleturn|p1a: Corviknight|move: Roost\n|\n|-heal|p1a: Corviknight|96\/100 par|[from] item: Leftovers\n|upkeep\n|turn|55\n|\n|t:|1597428260\n|move|p2a: Zeraora|Volt Switch|p1a: Corviknight\n|-supereffective|p1a: Corviknight\n|-damage|p1a: Corviknight|49\/100 par\n|\n|t:|1597428272\n|switch|p2a: Clefable|Clefable, M|28\/100 brn|[from]move: Volt Switch\n|move|p1a: Corviknight|Roost|p1a: Corviknight\n|-heal|p1a: Corviknight|99\/100 par\n|-singleturn|p1a: Corviknight|move: Roost\n|\n|-heal|p2a: Clefable|34\/100 brn|[from] item: Leftovers\n|-heal|p1a: Corviknight|100\/100 par|[from] item: Leftovers\n|upkeep\n|turn|56\n|\n|t:|1597428275\n|cant|p1a: Corviknight|par\n|move|p2a: Clefable|Teleport|p2a: Clefable\n|\n|t:|1597428277\n|switch|p2a: Zeraora|Zeraora|60\/100|[from]move: Teleport\n|\n|upkeep\n|turn|57\n|\n|t:|1597428280\n|switch|p1a: Rhyperior|Rhyperior, M|100\/100\n|-damage|p1a: Rhyperior|94\/100|[from] Stealth Rock\n|move|p2a: Zeraora|Volt Switch|p1a: Rhyperior\n|-immune|p1a: Rhyperior\n|\n|-heal|p1a: Rhyperior|100\/100|[from] item: Leftovers\n|upkeep\n|turn|58\n|\n|t:|1597428286\n|switch|p2a: Tangrowth|Tangrowth, F|100\/100\n|-damage|p2a: Tangrowth|88\/100|[from] Stealth Rock\n|switch|p1a: Umbreon|Umbreon, F|100\/100\n|-damage|p1a: Umbreon|88\/100|[from] Stealth Rock\n|\n|-heal|p1a: Umbreon|94\/100|[from] item: Leftovers\n|upkeep\n|turn|59\n|\n|t:|1597428291\n|switch|p2a: Clefable|Clefable, M|34\/100 brn\n|move|p1a: Umbreon|Protect||[still]\n|-fail|p1a: Umbreon\n|\n|-heal|p1a: Umbreon|99\/100|[from] item: Leftovers\n|-heal|p2a: Clefable|40\/100 brn|[from] item: Leftovers\n|upkeep\n|turn|60\n|\n|t:|1597428293\n|move|p1a: Umbreon|Heal Bell|p1a: Umbreon\n|-activate|p1a: Umbreon|move: Heal Bell\n|-curestatus|p1: Corviknight|par|[msg]\n|move|p2a: Clefable|Wish|p2a: Clefable\n|\n|-heal|p1a: Umbreon|100\/100|[from] item: Leftovers\n|-heal|p2a: Clefable|46\/100 brn|[from] item: Leftovers\n|upkeep\n|turn|61\n|\n|t:|1597428297\n|switch|p1a: Corviknight|Corviknight, M|100\/100\n|-damage|p1a: Corviknight|88\/100|[from] Stealth Rock\n|-ability|p1a: Corviknight|Pressure\n|move|p2a: Clefable|Moonblast|p1a: Corviknight\n|-resisted|p1a: Corviknight\n|-damage|p1a: Corviknight|71\/100\n|-unboost|p1a: Corviknight|spa|1\n|\n|-heal|p2a: Clefable|96\/100 brn|[from] move: Wish|[wisher] Clefable\n|-heal|p1a: Corviknight|78\/100|[from] item: Leftovers\n|-heal|p2a: Clefable|100\/100 brn|[from] item: Leftovers\n|upkeep\n|turn|62\n|\n|t:|1597428300\n|move|p1a: Corviknight|Substitute|p1a: Corviknight\n|-start|p1a: Corviknight|Substitute\n|-damage|p1a: Corviknight|53\/100\n|move|p2a: Clefable|Wish|p2a: Clefable\n|\n|-heal|p1a: Corviknight|59\/100|[from] item: Leftovers\n|upkeep\n|turn|63\n|\n|t:|1597428303\n|move|p1a: Corviknight|Bulk Up|p1a: Corviknight\n|-boost|p1a: Corviknight|atk|1\n|-boost|p1a: Corviknight|def|1\n|move|p2a: Clefable|Teleport|p2a: Clefable\n|\n|t:|1597428305\n|switch|p2a: Zeraora|Zeraora|60\/100|[from]move: Teleport\n|\n|-heal|p2a: Zeraora|100\/100|[from] move: Wish|[wisher] Clefable\n|-heal|p1a: Corviknight|65\/100|[from] item: Leftovers\n|upkeep\n|turn|64\n|\n|t:|1597428309\n|move|p2a: Zeraora|Plasma Fists|p1a: Corviknight\n|-supereffective|p1a: Corviknight\n|-end|p1a: Corviknight|Substitute\n|move|p1a: Corviknight|Substitute|p1a: Corviknight\n|-start|p1a: Corviknight|Substitute\n|-damage|p1a: Corviknight|40\/100\n|\n|-heal|p1a: Corviknight|46\/100|[from] item: Leftovers\n|upkeep\n|turn|65\n|\n|t:|1597428312\n|move|p2a: Zeraora|Plasma Fists|p1a: Corviknight\n|-supereffective|p1a: Corviknight\n|-end|p1a: Corviknight|Substitute\n|move|p1a: Corviknight|Roost|p1a: Corviknight\n|-heal|p1a: Corviknight|96\/100\n|-singleturn|p1a: Corviknight|move: Roost\n|\n|-heal|p1a: Corviknight|100\/100|[from] item: Leftovers\n|upkeep\n|turn|66\n|\n|t:|1597428317\n|move|p2a: Zeraora|Volt Switch|p1a: Corviknight\n|-supereffective|p1a: Corviknight\n|-damage|p1a: Corviknight|52\/100\n|\n|t:|1597428319\n|switch|p2a: Clefable|Clefable, M|100\/100 brn|[from]move: Volt Switch\n|move|p1a: Corviknight|Substitute|p1a: Corviknight\n|-start|p1a: Corviknight|Substitute\n|-damage|p1a: Corviknight|27\/100\n|\n|-heal|p1a: Corviknight|34\/100|[from] item: Leftovers\n|upkeep\n|turn|67\n|\n|t:|1597428321\n|move|p1a: Corviknight|Roost|p1a: Corviknight\n|-heal|p1a: Corviknight|84\/100\n|-singleturn|p1a: Corviknight|move: Roost\n|move|p2a: Clefable|Teleport|p2a: Clefable\n|\n|t:|1597428323\n|switch|p2a: Zeraora|Zeraora|100\/100|[from]move: Teleport\n|\n|-heal|p1a: Corviknight|90\/100|[from] item: Leftovers\n|upkeep\n|turn|68\n|\n|t:|1597428328\n|move|p2a: Zeraora|Plasma Fists|p1a: Corviknight\n|-supereffective|p1a: Corviknight\n|-end|p1a: Corviknight|Substitute\n|move|p1a: Corviknight|Bulk Up|p1a: Corviknight\n|-boost|p1a: Corviknight|atk|1\n|-boost|p1a: Corviknight|def|1\n|\n|-heal|p1a: Corviknight|96\/100|[from] item: Leftovers\n|upkeep\n|turn|69\n|\n|t:|1597428333\n|move|p2a: Zeraora|Volt Switch|p1a: Corviknight\n|-supereffective|p1a: Corviknight\n|-damage|p1a: Corviknight|44\/100\n|\n|t:|1597428336\n|switch|p2a: Crawdaunt|Crawdaunt, F|100\/100|[from]move: Volt Switch\n|-damage|p2a: Crawdaunt|88\/100|[from] Stealth Rock\n|move|p1a: Corviknight|Substitute|p1a: Corviknight\n|-start|p1a: Corviknight|Substitute\n|-damage|p1a: Corviknight|19\/100\n|\n|-heal|p1a: Corviknight|25\/100|[from] item: Leftovers\n|upkeep\n|turn|70\n|\n|t:|1597428340\n|move|p2a: Crawdaunt|Knock Off|p1a: Corviknight\n|-end|p1a: Corviknight|Substitute\n|-damage|p2a: Crawdaunt|78\/100|[from] item: Life Orb\n|move|p1a: Corviknight|Roost|p1a: Corviknight\n|-heal|p1a: Corviknight|75\/100\n|-singleturn|p1a: Corviknight|move: Roost\n|\n|-heal|p1a: Corviknight|81\/100|[from] item: Leftovers\n|upkeep\n|turn|71\n|\n|t:|1597428345\n|switch|p2a: Zeraora|Zeraora|100\/100\n|move|p1a: Corviknight|Brave Bird|p2a: Zeraora\n|-resisted|p2a: Zeraora\n|-damage|p2a: Zeraora|18\/100\n|-damage|p1a: Corviknight|60\/100|[from] Recoil\n|\n|-heal|p1a: Corviknight|66\/100|[from] item: Leftovers\n|upkeep\n|turn|72\n|\n|t:|1597428348\n|move|p2a: Zeraora|Volt Switch|p1a: Corviknight\n|-supereffective|p1a: Corviknight\n|-damage|p1a: Corviknight|17\/100\n|\n|t:|1597428350\n|switch|p2a: Clefable|Clefable, M|100\/100 brn|[from]move: Volt Switch\n|move|p1a: Corviknight|Roost|p1a: Corviknight\n|-heal|p1a: Corviknight|67\/100\n|-singleturn|p1a: Corviknight|move: Roost\n|\n|-heal|p1a: Corviknight|74\/100|[from] item: Leftovers\n|upkeep\n|turn|73\n|\n|t:|1597428355\n|move|p1a: Corviknight|Substitute|p1a: Corviknight\n|-start|p1a: Corviknight|Substitute\n|-damage|p1a: Corviknight|49\/100\n|move|p2a: Clefable|Wish|p2a: Clefable\n|\n|-heal|p1a: Corviknight|55\/100|[from] item: Leftovers\n|upkeep\n|turn|74\n|\n|t:|1597428359\n|move|p1a: Corviknight|Roost|p1a: Corviknight\n|-heal|p1a: Corviknight|100\/100\n|-singleturn|p1a: Corviknight|move: Roost\n|move|p2a: Clefable|Teleport|p2a: Clefable\n|\n|t:|1597428361\n|switch|p2a: Zeraora|Zeraora|18\/100|[from]move: Teleport\n|\n|-heal|p2a: Zeraora|80\/100|[from] move: Wish|[wisher] Clefable\n|upkeep\n|turn|75\n|\n|t:|1597428366\n|move|p2a: Zeraora|Volt Switch|p1a: Corviknight\n|-supereffective|p1a: Corviknight\n|-end|p1a: Corviknight|Substitute\n|\n|t:|1597428368\n|switch|p2a: Tangrowth|Tangrowth, F|100\/100|[from]move: Volt Switch\n|-damage|p2a: Tangrowth|88\/100|[from] Stealth Rock\n|move|p1a: Corviknight|Bulk Up|p1a: Corviknight\n|-boost|p1a: Corviknight|atk|1\n|-boost|p1a: Corviknight|def|1\n|\n|upkeep\n|turn|76\n|\n|t:|1597428371\n|switch|p2a: Zeraora|Zeraora|80\/100\n|move|p1a: Corviknight|Substitute|p1a: Corviknight\n|-start|p1a: Corviknight|Substitute\n|-damage|p1a: Corviknight|75\/100\n|\n|-heal|p1a: Corviknight|82\/100|[from] item: Leftovers\n|upkeep\n|turn|77\n|\n|t:|1597428379\n|move|p2a: Zeraora|Volt Switch|p1a: Corviknight\n|-supereffective|p1a: Corviknight\n|-end|p1a: Corviknight|Substitute\n|\n|t:|1597428383\n|switch|p2a: Excadrill|Excadrill, M|100\/100|[from]move: Volt Switch\n|-damage|p2a: Excadrill|97\/100|[from] Stealth Rock\n|-ability|p2a: Excadrill|Mold Breaker\n|move|p1a: Corviknight|Substitute|p1a: Corviknight\n|-start|p1a: Corviknight|Substitute\n|-damage|p1a: Corviknight|57\/100\n|\n|-heal|p2a: Excadrill|100\/100|[from] item: Leftovers\n|-heal|p1a: Corviknight|63\/100|[from] item: Leftovers\n|upkeep\n|turn|78\n|\n|t:|1597428386\n|move|p2a: Excadrill|Rapid Spin|p1a: Corviknight\n|-resisted|p1a: Corviknight\n|-activate|p1a: Corviknight|move: Substitute|[damage]\n|-sideend|p2: LT72MS Lio|Stealth Rock|[from] move: Rapid Spin|[of] p2a: Excadrill\n|-boost|p2a: Excadrill|spe|1\n|move|p1a: Corviknight|Roost|p1a: Corviknight\n|-heal|p1a: Corviknight|100\/100\n|-singleturn|p1a: Corviknight|move: Roost\n|\n|upkeep\n|turn|79\n|\n|t:|1597428390\n|switch|p2a: Tangrowth|Tangrowth, F|100\/100\n|move|p1a: Corviknight|Bulk Up|p1a: Corviknight\n|-boost|p1a: Corviknight|atk|1\n|-boost|p1a: Corviknight|def|1\n|\n|upkeep\n|turn|80\n|j| sand209\n|\n|t:|1597428395\n|move|p1a: Corviknight|Brave Bird|p2a: Tangrowth\n|-supereffective|p2a: Tangrowth\n|-damage|p2a: Tangrowth|0 fnt\n|-damage|p1a: Corviknight|84\/100|[from] item: Rocky Helmet|[of] p2a: Tangrowth\n|-damage|p1a: Corviknight|51\/100|[from] Recoil\n|faint|p2a: Tangrowth\n|\n|-heal|p1a: Corviknight|57\/100|[from] item: Leftovers\n|upkeep\n|\n|t:|1597428399\n|switch|p2a: Zeraora|Zeraora|80\/100\n|turn|81\n|\n|t:|1597428403\n|move|p2a: Zeraora|Plasma Fists|p1a: Corviknight\n|-supereffective|p1a: Corviknight\n|-end|p1a: Corviknight|Substitute\n|move|p1a: Corviknight|Roost|p1a: Corviknight\n|-heal|p1a: Corviknight|100\/100\n|-singleturn|p1a: Corviknight|move: Roost\n|\n|upkeep\n|turn|82\n|\n|t:|1597428407\n|move|p2a: Zeraora|Volt Switch|p1a: Corviknight\n|-supereffective|p1a: Corviknight\n|-damage|p1a: Corviknight|49\/100\n|\n|t:|1597428414\n|switch|p2a: Clefable|Clefable, M|100\/100 brn|[from]move: Volt Switch\n|move|p1a: Corviknight|Substitute|p1a: Corviknight\n|-start|p1a: Corviknight|Substitute\n|-damage|p1a: Corviknight|24\/100\n|\n|-heal|p1a: Corviknight|31\/100|[from] item: Leftovers\n|upkeep\n|turn|83\n|\n|t:|1597428418\n|move|p1a: Corviknight|Roost|p1a: Corviknight\n|-heal|p1a: Corviknight|81\/100\n|-singleturn|p1a: Corviknight|move: Roost\n|move|p2a: Clefable|Teleport|p2a: Clefable\n|\n|t:|1597428420\n|switch|p2a: Zeraora|Zeraora|80\/100|[from]move: Teleport\n|\n|-heal|p1a: Corviknight|87\/100|[from] item: Leftovers\n|upkeep\n|turn|84\n|\n|t:|1597428426\n|move|p2a: Zeraora|Plasma Fists|p1a: Corviknight\n|-supereffective|p1a: Corviknight\n|-end|p1a: Corviknight|Substitute\n|move|p1a: Corviknight|Substitute|p1a: Corviknight\n|-start|p1a: Corviknight|Substitute\n|-damage|p1a: Corviknight|62\/100\n|\n|-heal|p1a: Corviknight|68\/100|[from] item: Leftovers\n|upkeep\n|turn|85\n|\n|t:|1597428436\n|move|p2a: Zeraora|Plasma Fists|p1a: Corviknight\n|-supereffective|p1a: Corviknight\n|-end|p1a: Corviknight|Substitute\n|move|p1a: Corviknight|Substitute|p1a: Corviknight\n|-start|p1a: Corviknight|Substitute\n|-damage|p1a: Corviknight|43\/100\n|\n|-heal|p1a: Corviknight|49\/100|[from] item: Leftovers\n|upkeep\n|turn|86\n|\n|t:|1597428439\n|move|p2a: Zeraora|Plasma Fists|p1a: Corviknight\n|-supereffective|p1a: Corviknight\n|-end|p1a: Corviknight|Substitute\n|move|p1a: Corviknight|Roost|p1a: Corviknight\n|-heal|p1a: Corviknight|99\/100\n|-singleturn|p1a: Corviknight|move: Roost\n|\n|-heal|p1a: Corviknight|100\/100|[from] item: Leftovers\n|upkeep\n|turn|87\n|\n|t:|1597428447\n|move|p2a: Zeraora|Plasma Fists|p1a: Corviknight\n|-supereffective|p1a: Corviknight\n|-damage|p1a: Corviknight|76\/100\n|-fieldactivate|move: Ion Deluge\n|move|p1a: Corviknight|Roost|p1a: Corviknight\n|-heal|p1a: Corviknight|100\/100\n|-singleturn|p1a: Corviknight|move: Roost\n|\n|upkeep\n|turn|88\n|\n|t:|1597428458\n|move|p2a: Zeraora|Volt Switch|p1a: Corviknight\n|-supereffective|p1a: Corviknight\n|-damage|p1a: Corviknight|57\/100\n|\n|t:|1597428460\n|switch|p2a: Excadrill|Excadrill, M|100\/100|[from]move: Volt Switch\n|-ability|p2a: Excadrill|Mold Breaker\n|move|p1a: Corviknight|Substitute|p1a: Corviknight\n|-start|p1a: Corviknight|Substitute\n|-damage|p1a: Corviknight|31\/100\n|\n|-heal|p1a: Corviknight|38\/100|[from] item: Leftovers\n|upkeep\n|turn|89\n|\n|t:|1597428463\n|switch|p2a: Clefable|Clefable, M|100\/100 brn\n|move|p1a: Corviknight|Roost|p1a: Corviknight\n|-heal|p1a: Corviknight|88\/100\n|-singleturn|p1a: Corviknight|move: Roost\n|\n|-heal|p1a: Corviknight|94\/100|[from] item: Leftovers\n|upkeep\n|turn|90\n|\n|t:|1597428468\n|move|p1a: Corviknight|Bulk Up|p1a: Corviknight\n|-boost|p1a: Corviknight|atk|1\n|-boost|p1a: Corviknight|def|1\n|move|p2a: Clefable|Teleport|p2a: Clefable\n|\n|t:|1597428469\n|switch|p2a: Zeraora|Zeraora|80\/100|[from]move: Teleport\n|\n|-heal|p1a: Corviknight|99\/100|[from] item: Leftovers\n|upkeep\n|turn|91\n|\n|t:|1597428477\n|move|p2a: Zeraora|Volt Switch|p1a: Corviknight\n|-supereffective|p1a: Corviknight\n|-end|p1a: Corviknight|Substitute\n|\n|t:|1597428480\n|switch|p2a: Clefable|Clefable, M|100\/100 brn|[from]move: Volt Switch\n|move|p1a: Corviknight|Bulk Up|p1a: Corviknight\n|-boost|p1a: Corviknight|atk|1\n|-boost|p1a: Corviknight|def|1\n|\n|-heal|p1a: Corviknight|100\/100|[from] item: Leftovers\n|upkeep\n|turn|92\n|\n|t:|1597428482\n|move|p1a: Corviknight|Substitute|p1a: Corviknight\n|-start|p1a: Corviknight|Substitute\n|-damage|p1a: Corviknight|75\/100\n|move|p2a: Clefable|Teleport|p2a: Clefable\n|\n|t:|1597428484\n|switch|p2a: Zeraora|Zeraora|80\/100|[from]move: Teleport\n|\n|-heal|p1a: Corviknight|82\/100|[from] item: Leftovers\n|upkeep\n|turn|93\n|\n|t:|1597428494\n|move|p2a: Zeraora|Plasma Fists|p1a: Corviknight\n|-supereffective|p1a: Corviknight\n|-activate|p1a: Corviknight|move: Substitute|[damage]\n|move|p1a: Corviknight|Substitute|p1a: Corviknight\n|-fail|p1a: Corviknight|move: Substitute\n|\n|-heal|p1a: Corviknight|88\/100|[from] item: Leftovers\n|upkeep\n|turn|94\n|\n|t:|1597428504\n|move|p2a: Zeraora|Plasma Fists|p1a: Corviknight\n|-supereffective|p1a: Corviknight\n|-end|p1a: Corviknight|Substitute\n|move|p1a: Corviknight|Brave Bird|p2a: Zeraora\n|-resisted|p2a: Zeraora\n|-damage|p2a: Zeraora|0 fnt\n|-damage|p1a: Corviknight|67\/100|[from] Recoil\n|faint|p2a: Zeraora\n|\n|-heal|p1a: Corviknight|73\/100|[from] item: Leftovers\n|upkeep\n|\n|t:|1597428511\n|switch|p2a: Clefable|Clefable, M|100\/100 brn\n|turn|95\n|\n|t:|1597428514\n|move|p1a: Corviknight|Roost|p1a: Corviknight\n|-heal|p1a: Corviknight|100\/100\n|-singleturn|p1a: Corviknight|move: Roost\n|move|p2a: Clefable|Wish|p2a: Clefable\n|\n|upkeep\n|turn|96\n|\n|t:|1597428519\n|move|p1a: Corviknight|Brave Bird|p2a: Clefable\n|-damage|p2a: Clefable|0 fnt\n|-damage|p1a: Corviknight|68\/100|[from] Recoil\n|faint|p2a: Clefable\n|\n|-heal|p1a: Corviknight|74\/100|[from] item: Leftovers\n|upkeep\n|-message|LT72MS Lio forfeited.\n|\n|win|Lenape\n|l|\u2606LT72MS Lio\n","uploadtime":1597428533,"views":137,"p1id":"lenape","p2id":"lt72mslio","formatid":"gen8ou","rating":0,"private":0,"password":null}