{"id":"gen8ou-1660728031","p1":"minimax_ai","p2":"iopkj09","format":"gen8ou","log":"|j|\u2606minimax_ai\n|j|\u2606iopkj09\n|t:|1662807189\n|gametype|singles\n|player|p1|minimax_ai|lusamine-nihilego|1586\n|player|p2|iopkj09|nate|1672\n|teamsize|p1|6\n|teamsize|p2|6\n|gen|8\n|tier|[Gen 8] OU\n|rated|\n|rule|Sleep Clause Mod: Limit one foe put to sleep\n|rule|Species Clause: Limit one of each Pok\u00e9mon\n|rule|OHKO Clause: OHKO moves are banned\n|rule|Evasion Items Clause: Evasion items are banned\n|rule|Evasion Moves Clause: Evasion moves are banned\n|rule|Endless Battle Clause: Forcing endless battles is banned\n|rule|HP Percentage Mod: HP is shown in percentages\n|rule|Dynamax Clause: You cannot dynamax\n|clearpoke\n|poke|p1|Rotom-Wash|\n|poke|p1|Weavile, M|\n|poke|p1|Landorus-Therian, M|\n|poke|p1|Heatran, M|\n|poke|p1|Tangrowth, M|\n|poke|p1|Melmetal|\n|poke|p2|Garchomp, M|\n|poke|p2|Mamoswine, M|\n|poke|p2|Zapdos|\n|poke|p2|Rillaboom, M|\n|poke|p2|Tapu Lele|\n|poke|p2|Volcanion|\n|teampreview\n|inactive|Battle timer is ON: inactive players will automatically lose when time's up. (requested by iopkj09)\n|c|\u2606minimax_ai|hf\n|inactive|minimax_ai also wants the timer to be on.\n|\n|t:|1662807201\n|start\n|switch|p1a: Melmetal|Melmetal|100\/100\n|switch|p2a: Rillaboom|Rillaboom, M|100\/100\n|-fieldstart|move: Grassy Terrain|[from] ability: Grassy Surge|[of] p2a: Rillaboom\n|turn|1\n|\n|t:|1662807204\n|move|p2a: Rillaboom|Superpower|p1a: Melmetal\n|-supereffective|p1a: Melmetal\n|-damage|p1a: Melmetal|39\/100\n|-unboost|p2a: Rillaboom|atk|1\n|-unboost|p2a: Rillaboom|def|1\n|-damage|p2a: Rillaboom|91\/100|[from] item: Life Orb\n|move|p1a: Melmetal|Double Iron Bash|p2a: Rillaboom\n|-damage|p2a: Rillaboom|27\/100\n|-damage|p2a: Rillaboom|0 fnt\n|faint|p2a: Rillaboom\n|-hitcount|p2: Rillaboom|2\n|\n|-heal|p1a: Melmetal|45\/100|[from] Grassy Terrain\n|upkeep\n|\n|t:|1662807208\n|switch|p2a: Volcanion|Volcanion|100\/100\n|turn|2\n|\n|t:|1662807214\n|switch|p1a: rotomwash|Rotom-Wash|100\/100\n|move|p2a: Volcanion|Steam Eruption|p1a: rotomwash\n|-resisted|p1a: rotomwash\n|-damage|p1a: rotomwash|73\/100\n|\n|-heal|p1a: rotomwash|79\/100|[from] item: Leftovers\n|upkeep\n|turn|3\n|\n|t:|1662807217\n|move|p1a: rotomwash|Nasty Plot|p1a: rotomwash\n|-boost|p1a: rotomwash|spa|2\n|move|p2a: Volcanion|Steam Eruption|p1a: rotomwash\n|-resisted|p1a: rotomwash\n|-damage|p1a: rotomwash|50\/100\n|-status|p1a: rotomwash|brn\n|\n|-heal|p1a: rotomwash|56\/100 brn|[from] item: Leftovers\n|-damage|p1a: rotomwash|50\/100 brn|[from] brn\n|upkeep\n|turn|4\n|\n|t:|1662807219\n|move|p1a: rotomwash|Pain Split|p2a: Volcanion\n|-sethp|p2a: Volcanion|71\/100|[from] move: Pain Split|[silent]\n|-sethp|p1a: rotomwash|85\/100 brn|[from] move: Pain Split\n|move|p2a: Volcanion|Steam Eruption|p1a: rotomwash\n|-resisted|p1a: rotomwash\n|-damage|p1a: rotomwash|53\/100 brn\n|\n|-heal|p1a: rotomwash|59\/100 brn|[from] item: Leftovers\n|-heal|p2a: Volcanion|77\/100|[from] Grassy Terrain\n|-damage|p1a: rotomwash|53\/100 brn|[from] brn\n|upkeep\n|turn|5\n|\n|t:|1662807222\n|move|p1a: rotomwash|Thunderbolt|p2a: Volcanion\n|-supereffective|p2a: Volcanion\n|-damage|p2a: Volcanion|0 fnt\n|faint|p2a: Volcanion\n|\n|-heal|p1a: rotomwash|59\/100 brn|[from] item: Leftovers\n|-damage|p1a: rotomwash|53\/100 brn|[from] brn\n|-fieldend|move: Grassy Terrain\n|upkeep\n|\n|t:|1662807224\n|switch|p2a: Tapu Lele|Tapu Lele|100\/100\n|-fieldstart|move: Psychic Terrain|[from] ability: Psychic Surge|[of] p2a: Tapu Lele\n|turn|6\n|\n|t:|1662807225\n|switch|p1a: landorustherian|Landorus-Therian, M|100\/100\n|-ability|p1a: landorustherian|Intimidate|boost\n|-unboost|p2a: Tapu Lele|atk|1\n|move|p2a: Tapu Lele|Moonblast|p1a: landorustherian\n|-damage|p1a: landorustherian|34\/100\n|\n|-heal|p1a: landorustherian|40\/100|[from] item: Leftovers\n|upkeep\n|turn|7\n|\n|t:|1662807228\n|switch|p1a: Heatran|Heatran, M|100\/100\n|-item|p1a: Heatran|Air Balloon\n|move|p2a: Tapu Lele|Moonblast|p1a: Heatran\n|-resisted|p1a: Heatran\n|-damage|p1a: Heatran|79\/100\n|-unboost|p1a: Heatran|spa|1\n|-enditem|p1a: Heatran|Air Balloon\n|\n|upkeep\n|turn|8\n|\n|t:|1662807230\n|move|p2a: Tapu Lele|Moonblast|p1a: Heatran\n|-resisted|p1a: Heatran\n|-damage|p1a: Heatran|58\/100\n|move|p1a: Heatran|Magma Storm|p2a: Tapu Lele|[miss]\n|-miss|p1a: Heatran|p2a: Tapu Lele\n|\n|upkeep\n|turn|9\n|\n|t:|1662807233\n|move|p2a: Tapu Lele|Moonblast|p1a: Heatran\n|-resisted|p1a: Heatran\n|-damage|p1a: Heatran|38\/100\n|move|p1a: Heatran|Magma Storm|p2a: Tapu Lele\n|-damage|p2a: Tapu Lele|60\/100\n|-activate|p2a: Tapu Lele|move: Magma Storm|[of] p1a: Heatran\n|\n|-damage|p2a: Tapu Lele|48\/100|[from] move: Magma Storm|[partiallytrapped]\n|upkeep\n|turn|10\n|\n|t:|1662807235\n|move|p2a: Tapu Lele|Moonblast|p1a: Heatran\n|-resisted|p1a: Heatran\n|-damage|p1a: Heatran|18\/100\n|-unboost|p1a: Heatran|spa|1\n|move|p1a: Heatran|Magma Storm|p2a: Tapu Lele\n|-damage|p2a: Tapu Lele|20\/100\n|\n|-damage|p2a: Tapu Lele|8\/100|[from] move: Magma Storm|[partiallytrapped]\n|-fieldend|move: Psychic Terrain\n|upkeep\n|turn|11\n|\n|t:|1662807237\n|switch|p1a: Melmetal|Melmetal|45\/100\n|move|p2a: Tapu Lele|Moonblast|p1a: Melmetal\n|-resisted|p1a: Melmetal\n|-damage|p1a: Melmetal|25\/100\n|\n|-end|p2a: Tapu Lele|Magma Storm|[partiallytrapped]|[silent]\n|upkeep\n|turn|12\n|\n|t:|1662807240\n|move|p2a: Tapu Lele|Moonblast|p1a: Melmetal\n|-resisted|p1a: Melmetal\n|-damage|p1a: Melmetal|4\/100\n|move|p1a: Melmetal|Ice Punch|p2a: Tapu Lele\n|-damage|p2a: Tapu Lele|0 fnt\n|faint|p2a: Tapu Lele\n|\n|upkeep\n|\n|t:|1662807243\n|switch|p2a: Mamoswine|Mamoswine, M|100\/100\n|turn|13\n|\n|t:|1662807246\n|move|p2a: Mamoswine|Icicle Crash|p1a: Melmetal\n|-resisted|p1a: Melmetal\n|-damage|p1a: Melmetal|0 fnt\n|faint|p1a: Melmetal\n|\n|upkeep\n|\n|t:|1662807246\n|switch|p1a: rotomwash|Rotom-Wash|53\/100 brn\n|turn|14\n|\n|t:|1662807248\n|move|p1a: rotomwash|Pain Split|p2a: Mamoswine\n|-sethp|p2a: Mamoswine|73\/100|[from] move: Pain Split|[silent]\n|-sethp|p1a: rotomwash|86\/100 brn|[from] move: Pain Split\n|move|p2a: Mamoswine|Icicle Crash|p1a: rotomwash\n|-resisted|p1a: rotomwash\n|-damage|p1a: rotomwash|58\/100 brn\n|\n|-heal|p1a: rotomwash|65\/100 brn|[from] item: Leftovers\n|-damage|p1a: rotomwash|58\/100 brn|[from] brn\n|upkeep\n|turn|15\n|\n|t:|1662807250\n|move|p1a: rotomwash|Pain Split|p2a: Mamoswine\n|-sethp|p2a: Mamoswine|61\/100|[from] move: Pain Split|[silent]\n|-sethp|p1a: rotomwash|72\/100 brn|[from] move: Pain Split\n|move|p2a: Mamoswine|Icicle Crash|p1a: rotomwash\n|-resisted|p1a: rotomwash\n|-crit|p1a: rotomwash\n|-damage|p1a: rotomwash|32\/100 brn\n|\n|-heal|p1a: rotomwash|38\/100 brn|[from] item: Leftovers\n|-damage|p1a: rotomwash|32\/100 brn|[from] brn\n|upkeep\n|turn|16\n|\n|t:|1662807252\n|move|p1a: rotomwash|Pain Split|p2a: Mamoswine\n|-sethp|p2a: Mamoswine|44\/100|[from] move: Pain Split|[silent]\n|-sethp|p1a: rotomwash|52\/100 brn|[from] move: Pain Split\n|move|p2a: Mamoswine|Icicle Crash|p1a: rotomwash\n|-resisted|p1a: rotomwash\n|-damage|p1a: rotomwash|25\/100 brn\n|\n|-heal|p1a: rotomwash|32\/100 brn|[from] item: Leftovers\n|-damage|p1a: rotomwash|25\/100 brn|[from] brn\n|upkeep\n|turn|17\n|\n|t:|1662807255\n|move|p1a: rotomwash|Pain Split|p2a: Mamoswine\n|-sethp|p2a: Mamoswine|33\/100|[from] move: Pain Split|[silent]\n|-sethp|p1a: rotomwash|39\/100 brn|[from] move: Pain Split\n|move|p2a: Mamoswine|Icicle Crash|p1a: rotomwash\n|-resisted|p1a: rotomwash\n|-damage|p1a: rotomwash|13\/100 brn\n|\n|-heal|p1a: rotomwash|19\/100 brn|[from] item: Leftovers\n|-damage|p1a: rotomwash|13\/100 brn|[from] brn\n|upkeep\n|turn|18\n|\n|t:|1662807258\n|switch|p2a: Zapdos|Zapdos, shiny|100\/100\n|move|p1a: rotomwash|Pain Split|p2a: Zapdos\n|-sethp|p2a: Zapdos|56\/100|[from] move: Pain Split|[silent]\n|-sethp|p1a: rotomwash|60\/100 brn|[from] move: Pain Split\n|\n|-heal|p1a: rotomwash|66\/100 brn|[from] item: Leftovers\n|-damage|p1a: rotomwash|60\/100 brn|[from] brn\n|upkeep\n|turn|19\n|\n|t:|1662807259\n|switch|p1a: Weavile|Weavile, M|100\/100\n|-ability|p1a: Weavile|Pressure\n|move|p2a: Zapdos|Thunderbolt|p1a: Weavile\n|-damage|p1a: Weavile|39\/100\n|\n|upkeep\n|turn|20\n|\n|t:|1662807261\n|switch|p1a: rotomwash|Rotom-Wash|60\/100 brn\n|move|p2a: Zapdos|Heat Wave|p1a: rotomwash\n|-resisted|p1a: rotomwash\n|-crit|p1a: rotomwash\n|-damage|p1a: rotomwash|33\/100 brn\n|\n|-heal|p1a: rotomwash|39\/100 brn|[from] item: Leftovers\n|-damage|p1a: rotomwash|33\/100 brn|[from] brn\n|upkeep\n|turn|21\n|\n|t:|1662807263\n|move|p2a: Zapdos|Thunderbolt|p1a: rotomwash\n|-damage|p1a: rotomwash|0 fnt\n|faint|p1a: rotomwash\n|\n|upkeep\n|\n|t:|1662807263\n|switch|p1a: Weavile|Weavile, M|39\/100\n|-ability|p1a: Weavile|Pressure\n|turn|22\n|\n|t:|1662807266\n|move|p1a: Weavile|Triple Axel|p2a: Zapdos\n|-supereffective|p2a: Zapdos\n|-damage|p2a: Zapdos|19\/100\n|-status|p1a: Weavile|par|[from] ability: Static|[of] p2a: Zapdos\n|-supereffective|p2a: Zapdos\n|-damage|p2a: Zapdos|0 fnt\n|faint|p2a: Zapdos\n|-hitcount|p2: Zapdos|2\n|\n|upkeep\n|\n|t:|1662807268\n|switch|p2a: Mamoswine|Mamoswine, M|33\/100\n|turn|23\n|\n|t:|1662807270\n|move|p2a: Mamoswine|Iron Head|p1a: Weavile\n|-supereffective|p1a: Weavile\n|-damage|p1a: Weavile|0 fnt\n|faint|p1a: Weavile\n|\n|upkeep\n|\n|t:|1662807270\n|switch|p1a: Tangrowth|Tangrowth, M|100\/100\n|turn|24\n|\n|t:|1662807272\n|move|p2a: Mamoswine|Icicle Crash|p1a: Tangrowth\n|-supereffective|p1a: Tangrowth\n|-damage|p1a: Tangrowth|47\/100\n|cant|p1a: Tangrowth|flinch\n|\n|upkeep\n|turn|25\n|\n|t:|1662807274\n|switch|p1a: Heatran|Heatran, M|18\/100\n|move|p2a: Mamoswine|Icicle Crash|p1a: Heatran\n|-resisted|p1a: Heatran\n|-damage|p1a: Heatran|5\/100\n|\n|upkeep\n|turn|26\n|\n|t:|1662807281\n|move|p1a: Heatran|Magma Storm|p2a: Mamoswine|[miss]\n|-miss|p1a: Heatran|p2a: Mamoswine\n|move|p2a: Mamoswine|Earthquake|p1a: Heatran\n|-supereffective|p1a: Heatran\n|-damage|p1a: Heatran|0 fnt\n|faint|p1a: Heatran\n|\n|upkeep\n|\n|t:|1662807281\n|switch|p1a: Tangrowth|Tangrowth, M|80\/100\n|turn|27\n|\n|t:|1662807283\n|move|p2a: Mamoswine|Icicle Crash|p1a: Tangrowth\n|-supereffective|p1a: Tangrowth\n|-damage|p1a: Tangrowth|27\/100\n|move|p1a: Tangrowth|Giga Drain|p2a: Mamoswine\n|-supereffective|p2a: Mamoswine\n|-damage|p2a: Mamoswine|0 fnt\n|-heal|p1a: Tangrowth|41\/100|[from] drain|[of] p2a: Mamoswine\n|faint|p2a: Mamoswine\n|\n|upkeep\n|\n|t:|1662807286\n|switch|p2a: Garchomp|Garchomp, M, shiny|100\/100\n|turn|28\n|\n|t:|1662807289\n|switch|p1a: landorustherian|Landorus-Therian, M|40\/100\n|-ability|p1a: landorustherian|Intimidate|boost\n|-unboost|p2a: Garchomp|atk|1\n|move|p2a: Garchomp|Outrage|p1a: landorustherian\n|-damage|p1a: landorustherian|0 fnt\n|faint|p1a: landorustherian\n|\n|upkeep\n|\n|t:|1662807289\n|switch|p1a: Tangrowth|Tangrowth, M|74\/100\n|turn|29\n|\n|t:|1662807291\n|move|p2a: Garchomp|Outrage|p1a: Tangrowth|[from]lockedmove\n|-damage|p1a: Tangrowth|53\/100\n|-damage|p2a: Garchomp|84\/100|[from] item: Rocky Helmet|[of] p1a: Tangrowth\n|-start|p2a: Garchomp|confusion|[fatigue]\n|move|p1a: Tangrowth|Giga Drain|p2a: Garchomp\n|-damage|p2a: Garchomp|55\/100\n|-heal|p1a: Tangrowth|66\/100|[from] drain|[of] p2a: Garchomp\n|\n|upkeep\n|turn|30\n|\n|t:|1662807294\n|-activate|p2a: Garchomp|confusion\n|move|p2a: Garchomp|Outrage|p1a: Tangrowth\n|-damage|p1a: Tangrowth|44\/100\n|-damage|p2a: Garchomp|38\/100|[from] item: Rocky Helmet|[of] p1a: Tangrowth\n|move|p1a: Tangrowth|Giga Drain|p2a: Garchomp\n|-damage|p2a: Garchomp|6\/100\n|-heal|p1a: Tangrowth|58\/100|[from] drain|[of] p2a: Garchomp\n|\n|upkeep\n|turn|31\n|\n|t:|1662807297\n|-activate|p2a: Garchomp|confusion\n|move|p2a: Garchomp|Outrage|p1a: Tangrowth|[from]lockedmove\n|-damage|p1a: Tangrowth|36\/100\n|-damage|p2a: Garchomp|0 fnt|[from] item: Rocky Helmet|[of] p1a: Tangrowth\n|faint|p2a: Garchomp\n|\n|win|minimax_ai\n|raw|minimax_ai's rating: 1586 &rarr; <strong>1611<\/strong><br \/>(+25 for winning)\n|raw|iopkj09's rating: 1672 &rarr; <strong>1647<\/strong><br \/>(-25 for losing)\n|c|\u2606minimax_ai|gg\n|l|\u2606iopkj09\n","uploadtime":1662807299,"views":12,"p1id":"minimaxai","p2id":"iopkj09","formatid":"gen8ou","rating":1611,"private":0,"password":null}