{"id":"gen8ou-1699080273","p1":"george malone","p2":"quixana","format":"gen8ou","log":"|j|\u203dgeorge malone\n|j|\u2606quixana\n|t:|1667195370\n|gametype|singles\n|player|p1|george malone|169|1714\n|player|p2|quixana|ethan-pokeathlon|1708\n|teamsize|p1|6\n|teamsize|p2|6\n|gen|8\n|tier|[Gen 8] OU\n|rated|\n|rule|Sleep Clause Mod: Limit one foe put to sleep\n|rule|Species Clause: Limit one of each Pok\u00e9mon\n|rule|OHKO Clause: OHKO moves are banned\n|rule|Evasion Items Clause: Evasion items are banned\n|rule|Evasion Moves Clause: Evasion moves are banned\n|rule|Endless Battle Clause: Forcing endless battles is banned\n|rule|HP Percentage Mod: HP is shown in percentages\n|rule|Dynamax Clause: You cannot dynamax\n|clearpoke\n|poke|p1|Clefable, M|\n|poke|p1|Ferrothorn, M|\n|poke|p1|Zeraora|\n|poke|p1|Slowking, M|\n|poke|p1|Victini|\n|poke|p1|Mandibuzz, F|\n|poke|p2|Slowking-Galar, M|\n|poke|p2|Tapu Koko|\n|poke|p2|Hippowdon, M|\n|poke|p2|Urshifu-*, M|\n|poke|p2|Hydreigon, F|\n|poke|p2|Corviknight, M|\n|teampreview\n|inactive|Battle timer is ON: inactive players will automatically lose when time's up. (requested by george malone)\n|\n|t:|1667195387\n|start\n|switch|p1a: Clefable|Clefable, M, shiny|100\/100\n|switch|p2a: Slowking|Slowking-Galar, M|100\/100\n|turn|1\n|\n|t:|1667195398\n|switch|p1a: Slowking|Slowking, M, shiny|100\/100\n|move|p2a: Slowking|Sludge Bomb|p1a: Slowking\n|-damage|p1a: Slowking|81\/100\n|-status|p1a: Slowking|psn\n|\n|-damage|p1a: Slowking|69\/100 psn|[from] psn\n|upkeep\n|turn|2\n|\n|t:|1667195420\n|move|p2a: Slowking|Future Sight|p1a: Slowking\n|-start|p2a: Slowking|move: Future Sight\n|move|p1a: Slowking|Future Sight|p2a: Slowking\n|-start|p1a: Slowking|move: Future Sight\n|\n|-damage|p1a: Slowking|56\/100 psn|[from] psn\n|upkeep\n|turn|3\n|inactive|quixana has 120 seconds left.\n|\n|t:|1667195467\n|switch|p2a: Hydreigon|Hydreigon, F|100\/100\n|move|p1a: Slowking|Slack Off|p1a: Slowking\n|-heal|p1a: Slowking|100\/100 psn\n|\n|-damage|p1a: Slowking|88\/100 psn|[from] psn\n|upkeep\n|turn|4\n|inactive|quixana has 90 seconds left.\n|inactive|quixana has 60 seconds left.\n|\n|t:|1667195514\n|move|p2a: Hydreigon|Dark Pulse|p1a: Slowking\n|-supereffective|p1a: Slowking\n|-damage|p1a: Slowking|12\/100 psn\n|move|p1a: Slowking|Teleport|p1a: Slowking\n|\n|t:|1667195525\n|switch|p1a: Mandibuzz|Mandibuzz, F, shiny|100\/100|[from]move: Teleport\n|\n|-end|p1a: Mandibuzz|move: Future Sight\n|-immune|p1a: Mandibuzz\n|-end|p2a: Hydreigon|move: Future Sight\n|-immune|p2a: Hydreigon\n|upkeep\n|turn|5\n|\n|t:|1667195534\n|switch|p2a: Slowking|Slowking-Galar, M|100\/100\n|move|p1a: Mandibuzz|U-turn|p2a: Slowking\n|-damage|p2a: Slowking|91\/100\n|\n|t:|1667195538\n|switch|p1a: Victini|Victini|100\/100|[from]move: U-turn\n|\n|upkeep\n|turn|6\n|\n|t:|1667195553\n|move|p1a: Victini|V-create|p2a: Slowking\n|-damage|p2a: Slowking|0 fnt\n|-unboost|p1a: Victini|spe|1\n|-unboost|p1a: Victini|def|1\n|-unboost|p1a: Victini|spd|1\n|faint|p2a: Slowking\n|\n|upkeep\n|j| Zoro One Piece\n|\n|t:|1667195565\n|switch|p2a: Urshifu|Urshifu-Rapid-Strike, M|100\/100\n|turn|7\n|\n|t:|1667195578\n|switch|p1a: Clefable|Clefable, M, shiny|100\/100\n|move|p2a: Urshifu|Close Combat|p1a: Clefable\n|-resisted|p1a: Clefable\n|-damage|p1a: Clefable|67\/100\n|-unboost|p2a: Urshifu|def|1\n|-unboost|p2a: Urshifu|spd|1\n|-damage|p2a: Urshifu|84\/100|[from] item: Rocky Helmet|[of] p1a: Clefable\n|\n|upkeep\n|turn|8\n|\n|t:|1667195584\n|switch|p2a: Tapu Koko|Tapu Koko|100\/100\n|-fieldstart|move: Electric Terrain|[from] ability: Electric Surge|[of] p2a: Tapu Koko\n|move|p1a: Clefable|Soft-Boiled|p1a: Clefable\n|-heal|p1a: Clefable|100\/100\n|\n|upkeep\n|turn|9\n|\n|t:|1667195589\n|move|p2a: Tapu Koko|Volt Switch|p1a: Clefable\n|-damage|p1a: Clefable|67\/100\n|\n|t:|1667195593\n|switch|p2a: Hippowdon|Hippowdon, M|100\/100|[from]move: Volt Switch\n|-weather|Sandstorm|[from] ability: Sand Stream|[of] p2a: Hippowdon\n|move|p1a: Clefable|Moonblast|p2a: Hippowdon\n|-damage|p2a: Hippowdon|77\/100\n|-unboost|p2a: Hippowdon|spa|1\n|\n|-weather|Sandstorm|[upkeep]\n|-heal|p2a: Hippowdon|83\/100|[from] item: Leftovers\n|upkeep\n|turn|10\n|\n|t:|1667195596\n|move|p1a: Clefable|Soft-Boiled|p1a: Clefable\n|-heal|p1a: Clefable|100\/100\n|move|p2a: Hippowdon|Stealth Rock|p1a: Clefable\n|-sidestart|p1: george malone|move: Stealth Rock\n|\n|-weather|Sandstorm|[upkeep]\n|-heal|p2a: Hippowdon|89\/100|[from] item: Leftovers\n|upkeep\n|turn|11\n|\n|t:|1667195603\n|move|p1a: Clefable|Stealth Rock|p2a: Hippowdon\n|-sidestart|p2: quixana|move: Stealth Rock\n|move|p2a: Hippowdon|Heavy Slam|p1a: Clefable\n|-supereffective|p1a: Clefable\n|-damage|p1a: Clefable|51\/100\n|-damage|p2a: Hippowdon|73\/100|[from] item: Rocky Helmet|[of] p1a: Clefable\n|\n|-weather|Sandstorm|[upkeep]\n|-heal|p2a: Hippowdon|79\/100|[from] item: Leftovers\n|upkeep\n|turn|12\n|\n|t:|1667195609\n|move|p1a: Clefable|Soft-Boiled|p1a: Clefable\n|-heal|p1a: Clefable|100\/100\n|move|p2a: Hippowdon|Heavy Slam|p1a: Clefable\n|-supereffective|p1a: Clefable\n|-damage|p1a: Clefable|54\/100\n|-damage|p2a: Hippowdon|62\/100|[from] item: Rocky Helmet|[of] p1a: Clefable\n|\n|-weather|Sandstorm|[upkeep]\n|-heal|p2a: Hippowdon|68\/100|[from] item: Leftovers\n|-fieldend|move: Electric Terrain\n|upkeep\n|turn|13\n|\n|t:|1667195613\n|move|p1a: Clefable|Soft-Boiled|p1a: Clefable\n|-heal|p1a: Clefable|100\/100\n|move|p2a: Hippowdon|Heavy Slam|p1a: Clefable\n|-supereffective|p1a: Clefable\n|-damage|p1a: Clefable|55\/100\n|-damage|p2a: Hippowdon|52\/100|[from] item: Rocky Helmet|[of] p1a: Clefable\n|\n|-weather|none\n|-heal|p2a: Hippowdon|58\/100|[from] item: Leftovers\n|upkeep\n|turn|14\n|\n|t:|1667195617\n|move|p1a: Clefable|Soft-Boiled|p1a: Clefable\n|-heal|p1a: Clefable|100\/100\n|move|p2a: Hippowdon|Slack Off|p2a: Hippowdon\n|-heal|p2a: Hippowdon|100\/100\n|\n|upkeep\n|turn|15\n|\n|t:|1667195620\n|switch|p1a: Ferrothorn|Ferrothorn, M, shiny|100\/100\n|-damage|p1a: Ferrothorn|95\/100|[from] Stealth Rock\n|move|p2a: Hippowdon|Heavy Slam|p1a: Ferrothorn\n|-resisted|p1a: Ferrothorn\n|-damage|p1a: Ferrothorn|90\/100\n|-damage|p2a: Hippowdon|88\/100|[from] ability: Iron Barbs|[of] p1a: Ferrothorn\n|-damage|p2a: Hippowdon|71\/100|[from] item: Rocky Helmet|[of] p1a: Ferrothorn\n|\n|-heal|p2a: Hippowdon|78\/100|[from] item: Leftovers\n|upkeep\n|turn|16\n|\n|t:|1667195627\n|switch|p2a: Corviknight|Corviknight, M|100\/100\n|-damage|p2a: Corviknight|88\/100|[from] Stealth Rock\n|-ability|p2a: Corviknight|Pressure\n|move|p1a: Ferrothorn|Spikes|p2a: Corviknight\n|-sidestart|p2: quixana|Spikes\n|\n|upkeep\n|turn|17\n|j| Olealive\n|\n|t:|1667195632\n|move|p2a: Corviknight|Body Press|p1a: Ferrothorn\n|-supereffective|p1a: Ferrothorn\n|-crit|p1a: Ferrothorn\n|-damage|p1a: Ferrothorn|45\/100\n|-damage|p2a: Corviknight|76\/100|[from] ability: Iron Barbs|[of] p1a: Ferrothorn\n|-damage|p2a: Corviknight|59\/100|[from] item: Rocky Helmet|[of] p1a: Ferrothorn\n|move|p1a: Ferrothorn|Leech Seed|p2a: Corviknight\n|-start|p2a: Corviknight|move: Leech Seed\n|\n|-damage|p2a: Corviknight|47\/100|[from] Leech Seed|[of] p1a: Ferrothorn\n|-heal|p1a: Ferrothorn|59\/100|[silent]\n|upkeep\n|turn|18\n|\n|t:|1667195643\n|move|p2a: Corviknight|Body Press|p1a: Ferrothorn\n|-supereffective|p1a: Ferrothorn\n|-damage|p1a: Ferrothorn|28\/100\n|-damage|p2a: Corviknight|35\/100|[from] ability: Iron Barbs|[of] p1a: Ferrothorn\n|-damage|p2a: Corviknight|18\/100|[from] item: Rocky Helmet|[of] p1a: Ferrothorn\n|move|p1a: Ferrothorn|Body Press|p2a: Corviknight\n|-damage|p2a: Corviknight|0 fnt\n|-damage|p1a: Ferrothorn|11\/100|[from] item: Rocky Helmet|[of] p2a: Corviknight\n|faint|p2a: Corviknight\n|\n|upkeep\n|\n|t:|1667195656\n|switch|p2a: Hydreigon|Hydreigon, F|100\/100\n|-damage|p2a: Hydreigon|88\/100|[from] Stealth Rock\n|turn|19\n|\n|t:|1667195662\n|move|p2a: Hydreigon|Flash Cannon|p1a: Ferrothorn\n|-resisted|p1a: Ferrothorn\n|-damage|p1a: Ferrothorn|0 fnt\n|faint|p1a: Ferrothorn\n|\n|upkeep\n|\n|t:|1667195668\n|switch|p1a: Victini|Victini|100\/100\n|-damage|p1a: Victini|76\/100|[from] Stealth Rock\n|turn|20\n|\n|t:|1667195684\n|switch|p2a: Urshifu|Urshifu-Rapid-Strike, M|84\/100\n|-damage|p2a: Urshifu|78\/100|[from] Stealth Rock\n|-damage|p2a: Urshifu|66\/100|[from] Spikes\n|move|p1a: Victini|U-turn|p2a: Urshifu\n|-resisted|p2a: Urshifu\n|-damage|p2a: Urshifu|51\/100\n|\n|t:|1667195691\n|switch|p1a: Clefable|Clefable, M, shiny|100\/100|[from]move: U-turn\n|\n|upkeep\n|turn|21\n|\n|t:|1667195701\n|switch|p2a: Tapu Koko|Tapu Koko|100\/100\n|-fieldstart|move: Electric Terrain|[from] ability: Electric Surge|[of] p2a: Tapu Koko\n|move|p1a: Clefable|Soft-Boiled||[still]\n|-fail|p1a: Clefable|heal\n|\n|upkeep\n|turn|22\n|\n|t:|1667195710\n|move|p2a: Tapu Koko|Volt Switch|p1a: Clefable\n|-damage|p1a: Clefable|67\/100\n|\n|t:|1667195713\n|switch|p2a: Hippowdon|Hippowdon, M|78\/100|[from]move: Volt Switch\n|-damage|p2a: Hippowdon|71\/100|[from] Stealth Rock\n|-damage|p2a: Hippowdon|59\/100|[from] Spikes\n|-weather|Sandstorm|[from] ability: Sand Stream|[of] p2a: Hippowdon\n|move|p1a: Clefable|Soft-Boiled|p1a: Clefable\n|-heal|p1a: Clefable|100\/100\n|\n|-weather|Sandstorm|[upkeep]\n|-heal|p2a: Hippowdon|65\/100|[from] item: Leftovers\n|upkeep\n|turn|23\n|\n|t:|1667195719\n|move|p1a: Clefable|Moonblast|p2a: Hippowdon\n|-damage|p2a: Hippowdon|42\/100\n|move|p2a: Hippowdon|Earthquake|p1a: Clefable\n|-damage|p1a: Clefable|71\/100\n|\n|-weather|Sandstorm|[upkeep]\n|-heal|p2a: Hippowdon|48\/100|[from] item: Leftovers\n|upkeep\n|turn|24\n|\n|t:|1667195723\n|move|p1a: Clefable|Moonblast|p2a: Hippowdon\n|-damage|p2a: Hippowdon|25\/100\n|move|p2a: Hippowdon|Slack Off|p2a: Hippowdon\n|-heal|p2a: Hippowdon|75\/100\n|\n|-weather|Sandstorm|[upkeep]\n|-heal|p2a: Hippowdon|81\/100|[from] item: Leftovers\n|upkeep\n|turn|25\n|j| Kyurem\n|\n|t:|1667195731\n|move|p1a: Clefable|Moonblast|p2a: Hippowdon\n|-damage|p2a: Hippowdon|57\/100\n|move|p2a: Hippowdon|Earthquake|p1a: Clefable\n|-damage|p1a: Clefable|45\/100\n|\n|-weather|Sandstorm|[upkeep]\n|-heal|p2a: Hippowdon|63\/100|[from] item: Leftovers\n|-fieldend|move: Electric Terrain\n|upkeep\n|turn|26\n|\n|t:|1667195739\n|move|p1a: Clefable|Soft-Boiled|p1a: Clefable\n|-heal|p1a: Clefable|95\/100\n|move|p2a: Hippowdon|Heavy Slam|p1a: Clefable\n|-supereffective|p1a: Clefable\n|-damage|p1a: Clefable|45\/100\n|-damage|p2a: Hippowdon|46\/100|[from] item: Rocky Helmet|[of] p1a: Clefable\n|\n|-weather|none\n|-heal|p2a: Hippowdon|52\/100|[from] item: Leftovers\n|upkeep\n|turn|27\n|\n|t:|1667195747\n|move|p1a: Clefable|Soft-Boiled|p1a: Clefable\n|-heal|p1a: Clefable|95\/100\n|move|p2a: Hippowdon|Slack Off|p2a: Hippowdon\n|-heal|p2a: Hippowdon|100\/100\n|\n|upkeep\n|turn|28\n|\n|t:|1667195751\n|switch|p1a: Mandibuzz|Mandibuzz, F, shiny|100\/100\n|move|p2a: Hippowdon|Earthquake|p1a: Mandibuzz\n|-immune|p1a: Mandibuzz\n|\n|upkeep\n|turn|29\n|\n|t:|1667195756\n|switch|p2a: Tapu Koko|Tapu Koko|100\/100\n|-fieldstart|move: Electric Terrain|[from] ability: Electric Surge|[of] p2a: Tapu Koko\n|move|p1a: Mandibuzz|U-turn|p2a: Tapu Koko\n|-resisted|p2a: Tapu Koko\n|-damage|p2a: Tapu Koko|92\/100\n|\n|t:|1667195761\n|switch|p1a: Slowking|Slowking, M, shiny|45\/100 psn|[from]move: U-turn\n|\n|-damage|p1a: Slowking|33\/100 psn|[from] psn\n|upkeep\n|turn|30\n|\n|t:|1667195767\n|switch|p1a: Zeraora|Zeraora|100\/100\n|move|p2a: Tapu Koko|Volt Switch|p1a: Zeraora\n|-immune|p1a: Zeraora|[from] ability: Volt Absorb\n|\n|upkeep\n|turn|31\n|\n|t:|1667195771\n|move|p1a: Zeraora|Knock Off|p2a: Tapu Koko\n|-resisted|p2a: Tapu Koko\n|-damage|p2a: Tapu Koko|73\/100\n|-enditem|p2a: Tapu Koko|Heavy-Duty Boots|[from] move: Knock Off|[of] p1a: Zeraora\n|move|p2a: Tapu Koko|Toxic|p1a: Zeraora\n|-status|p1a: Zeraora|tox\n|\n|-damage|p1a: Zeraora|95\/100 tox|[from] psn\n|upkeep\n|turn|32\n|\n|t:|1667195782\n|move|p1a: Zeraora|Plasma Fists|p2a: Tapu Koko\n|-resisted|p2a: Tapu Koko\n|-damage|p2a: Tapu Koko|31\/100\n|-fieldactivate|move: Ion Deluge\n|-hint|Normal-type moves become Electric-type after using Plasma Fists.\n|move|p2a: Tapu Koko|Roost|p2a: Tapu Koko\n|-heal|p2a: Tapu Koko|81\/100\n|-singleturn|p2a: Tapu Koko|move: Roost\n|\n|-damage|p1a: Zeraora|83\/100 tox|[from] psn\n|upkeep\n|turn|33\n|\n|t:|1667195786\n|switch|p1a: Clefable|Clefable, M, shiny|95\/100\n|move|p2a: Tapu Koko|Roost|p2a: Tapu Koko\n|-heal|p2a: Tapu Koko|100\/100\n|-singleturn|p2a: Tapu Koko|move: Roost\n|\n|-fieldend|move: Electric Terrain\n|upkeep\n|turn|34\n|\n|t:|1667195791\n|move|p2a: Tapu Koko|Volt Switch|p1a: Clefable\n|-damage|p1a: Clefable|65\/100\n|\n|t:|1667195794\n|switch|p2a: Hippowdon|Hippowdon, M|100\/100|[from]move: Volt Switch\n|-damage|p2a: Hippowdon|94\/100|[from] Stealth Rock\n|-damage|p2a: Hippowdon|82\/100|[from] Spikes\n|-weather|Sandstorm|[from] ability: Sand Stream|[of] p2a: Hippowdon\n|move|p1a: Clefable|Moonblast|p2a: Hippowdon\n|-damage|p2a: Hippowdon|56\/100\n|-unboost|p2a: Hippowdon|spa|1\n|\n|-weather|Sandstorm|[upkeep]\n|-heal|p2a: Hippowdon|62\/100|[from] item: Leftovers\n|upkeep\n|turn|35\n|\n|t:|1667195799\n|move|p1a: Clefable|Soft-Boiled|p1a: Clefable\n|-heal|p1a: Clefable|100\/100\n|move|p2a: Hippowdon|Earthquake|p1a: Clefable\n|-damage|p1a: Clefable|70\/100\n|\n|-weather|Sandstorm|[upkeep]\n|-heal|p2a: Hippowdon|68\/100|[from] item: Leftovers\n|upkeep\n|turn|36\n|\n|t:|1667195805\n|switch|p1a: Mandibuzz|Mandibuzz, F, shiny|100\/100\n|move|p2a: Hippowdon|Heavy Slam|p1a: Mandibuzz\n|-damage|p1a: Mandibuzz|82\/100\n|\n|-weather|Sandstorm|[upkeep]\n|-heal|p2a: Hippowdon|75\/100|[from] item: Leftovers\n|upkeep\n|turn|37\n|\n|t:|1667195814\n|switch|p2a: Tapu Koko|Tapu Koko|100\/100\n|-damage|p2a: Tapu Koko|88\/100|[from] Stealth Rock\n|-damage|p2a: Tapu Koko|76\/100|[from] Spikes\n|-fieldstart|move: Electric Terrain|[from] ability: Electric Surge|[of] p2a: Tapu Koko\n|move|p1a: Mandibuzz|U-turn|p2a: Tapu Koko\n|-resisted|p2a: Tapu Koko\n|-damage|p2a: Tapu Koko|68\/100\n|\n|t:|1667195834\n|switch|p1a: Slowking|Slowking, M, shiny|66\/100 psn|[from]move: U-turn\n|\n|-weather|Sandstorm|[upkeep]\n|-damage|p2a: Tapu Koko|62\/100|[from] Sandstorm\n|-damage|p1a: Slowking|60\/100 psn|[from] Sandstorm\n|-damage|p1a: Slowking|47\/100 psn|[from] psn\n|upkeep\n|turn|38\n|\n|t:|1667195841\n|switch|p1a: Zeraora|Zeraora|83\/100 tox\n|move|p2a: Tapu Koko|Roost|p2a: Tapu Koko\n|-heal|p2a: Tapu Koko|100\/100\n|-singleturn|p2a: Tapu Koko|move: Roost\n|\n|-weather|none\n|-damage|p1a: Zeraora|77\/100 tox|[from] psn\n|upkeep\n|turn|39\n|\n|t:|1667195849\n|move|p1a: Zeraora|Bulk Up|p1a: Zeraora\n|-boost|p1a: Zeraora|atk|1\n|-boost|p1a: Zeraora|def|1\n|move|p2a: Tapu Koko|Dazzling Gleam|p1a: Zeraora\n|-damage|p1a: Zeraora|36\/100 tox\n|\n|-damage|p1a: Zeraora|24\/100 tox|[from] psn\n|upkeep\n|turn|40\n|\n|t:|1667195867\n|move|p1a: Zeraora|Plasma Fists|p2a: Tapu Koko\n|-resisted|p2a: Tapu Koko\n|-damage|p2a: Tapu Koko|36\/100\n|-fieldactivate|move: Ion Deluge\n|-hint|Normal-type moves become Electric-type after using Plasma Fists.\n|move|p2a: Tapu Koko|Roost|p2a: Tapu Koko\n|-heal|p2a: Tapu Koko|86\/100\n|-singleturn|p2a: Tapu Koko|move: Roost\n|\n|-damage|p1a: Zeraora|6\/100 tox|[from] psn\n|upkeep\n|turn|41\n|\n|t:|1667195876\n|switch|p1a: Clefable|Clefable, M, shiny|70\/100\n|move|p2a: Tapu Koko|Roost|p2a: Tapu Koko\n|-heal|p2a: Tapu Koko|100\/100\n|-singleturn|p2a: Tapu Koko|move: Roost\n|\n|-fieldend|move: Electric Terrain\n|upkeep\n|turn|42\n|\n|t:|1667195880\n|switch|p1a: Zeraora|Zeraora|6\/100 tox\n|move|p2a: Tapu Koko|Volt Switch|p1a: Zeraora\n|-heal|p1a: Zeraora|31\/100 tox|[from] ability: Volt Absorb|[of] p2a: Tapu Koko\n|\n|-damage|p1a: Zeraora|25\/100 tox|[from] psn\n|upkeep\n|turn|43\n|\n|t:|1667195886\n|switch|p1a: Clefable|Clefable, M, shiny|70\/100\n|move|p2a: Tapu Koko|Dazzling Gleam|p1a: Clefable\n|-damage|p1a: Clefable|37\/100\n|\n|upkeep\n|turn|44\n|\n|t:|1667195891\n|move|p2a: Tapu Koko|Dazzling Gleam|p1a: Clefable\n|-damage|p1a: Clefable|8\/100\n|move|p1a: Clefable|Soft-Boiled|p1a: Clefable\n|-heal|p1a: Clefable|58\/100\n|\n|upkeep\n|turn|45\n|\n|t:|1667195895\n|move|p2a: Tapu Koko|Dazzling Gleam|p1a: Clefable\n|-crit|p1a: Clefable\n|-damage|p1a: Clefable|13\/100\n|move|p1a: Clefable|Soft-Boiled|p1a: Clefable\n|-heal|p1a: Clefable|63\/100\n|\n|upkeep\n|turn|46\n|\n|t:|1667195899\n|move|p2a: Tapu Koko|Dazzling Gleam|p1a: Clefable\n|-damage|p1a: Clefable|33\/100\n|move|p1a: Clefable|Moonblast|p2a: Tapu Koko\n|-damage|p2a: Tapu Koko|55\/100\n|\n|upkeep\n|turn|47\n|\n|t:|1667195929\n|move|p2a: Tapu Koko|Dazzling Gleam|p1a: Clefable\n|-damage|p1a: Clefable|1\/100\n|move|p1a: Clefable|Soft-Boiled|p1a: Clefable\n|-heal|p1a: Clefable|51\/100\n|\n|upkeep\n|turn|48\n|\n|t:|1667195932\n|move|p2a: Tapu Koko|Dazzling Gleam|p1a: Clefable\n|-damage|p1a: Clefable|17\/100\n|move|p1a: Clefable|Moonblast|p2a: Tapu Koko\n|-damage|p2a: Tapu Koko|10\/100\n|\n|upkeep\n|turn|49\n|\n|t:|1667195936\n|move|p2a: Tapu Koko|Roost|p2a: Tapu Koko\n|-heal|p2a: Tapu Koko|60\/100\n|-singleturn|p2a: Tapu Koko|move: Roost\n|move|p1a: Clefable|Moonblast|p2a: Tapu Koko\n|-damage|p2a: Tapu Koko|8\/100\n|-unboost|p2a: Tapu Koko|spa|1\n|\n|upkeep\n|turn|50\n|j| xiezhouqun1\n|\n|t:|1667195939\n|move|p2a: Tapu Koko|Roost|p2a: Tapu Koko\n|-heal|p2a: Tapu Koko|59\/100\n|-singleturn|p2a: Tapu Koko|move: Roost\n|move|p1a: Clefable|Moonblast|p2a: Tapu Koko\n|-damage|p2a: Tapu Koko|12\/100\n|-unboost|p2a: Tapu Koko|spa|1\n|\n|upkeep\n|turn|51\n|\n|t:|1667195942\n|move|p2a: Tapu Koko|Roost|p2a: Tapu Koko\n|-heal|p2a: Tapu Koko|62\/100\n|-singleturn|p2a: Tapu Koko|move: Roost\n|move|p1a: Clefable|Moonblast|p2a: Tapu Koko\n|-damage|p2a: Tapu Koko|15\/100\n|\n|upkeep\n|turn|52\n|\n|t:|1667195949\n|move|p2a: Tapu Koko|Roost|p2a: Tapu Koko\n|-heal|p2a: Tapu Koko|66\/100\n|-singleturn|p2a: Tapu Koko|move: Roost\n|move|p1a: Clefable|Moonblast|p2a: Tapu Koko\n|-damage|p2a: Tapu Koko|15\/100\n|\n|upkeep\n|turn|53\n|\n|t:|1667195953\n|move|p2a: Tapu Koko|Roost|p2a: Tapu Koko\n|-heal|p2a: Tapu Koko|66\/100\n|-singleturn|p2a: Tapu Koko|move: Roost\n|move|p1a: Clefable|Soft-Boiled|p1a: Clefable\n|-heal|p1a: Clefable|67\/100\n|\n|upkeep\n|turn|54\n|\n|t:|1667195962\n|switch|p2a: Hippowdon|Hippowdon, M|75\/100\n|-damage|p2a: Hippowdon|68\/100|[from] Stealth Rock\n|-damage|p2a: Hippowdon|56\/100|[from] Spikes\n|-weather|Sandstorm|[from] ability: Sand Stream|[of] p2a: Hippowdon\n|move|p1a: Clefable|Moonblast|p2a: Hippowdon\n|-damage|p2a: Hippowdon|34\/100\n|-unboost|p2a: Hippowdon|spa|1\n|\n|-weather|Sandstorm|[upkeep]\n|-heal|p2a: Hippowdon|40\/100|[from] item: Leftovers\n|upkeep\n|turn|55\n|\n|t:|1667195971\n|move|p1a: Clefable|Soft-Boiled|p1a: Clefable\n|-heal|p1a: Clefable|100\/100\n|move|p2a: Hippowdon|Slack Off|p2a: Hippowdon\n|-heal|p2a: Hippowdon|90\/100\n|\n|-weather|Sandstorm|[upkeep]\n|-heal|p2a: Hippowdon|96\/100|[from] item: Leftovers\n|upkeep\n|turn|56\n|\n|t:|1667195977\n|switch|p1a: Mandibuzz|Mandibuzz, F, shiny|82\/100\n|move|p2a: Hippowdon|Heavy Slam|p1a: Mandibuzz\n|-damage|p1a: Mandibuzz|63\/100\n|\n|-weather|Sandstorm|[upkeep]\n|-heal|p2a: Hippowdon|100\/100|[from] item: Leftovers\n|upkeep\n|turn|57\n|inactive|quixana has 120 seconds left.\n|\n|t:|1667196019\n|switch|p2a: Hydreigon|Hydreigon, F|88\/100\n|-damage|p2a: Hydreigon|76\/100|[from] Stealth Rock\n|move|p1a: Mandibuzz|Roost|p1a: Mandibuzz\n|-heal|p1a: Mandibuzz|100\/100\n|-singleturn|p1a: Mandibuzz|move: Roost\n|\n|-weather|Sandstorm|[upkeep]\n|-damage|p2a: Hydreigon|70\/100|[from] Sandstorm\n|upkeep\n|turn|58\n|inactive|quixana has 120 seconds left.\n|\n|t:|1667196033\n|move|p2a: Hydreigon|Draco Meteor|p1a: Mandibuzz\n|-damage|p1a: Mandibuzz|33\/100\n|-unboost|p2a: Hydreigon|spa|2\n|move|p1a: Mandibuzz|U-turn|p2a: Hydreigon\n|-supereffective|p2a: Hydreigon\n|-damage|p2a: Hydreigon|41\/100\n|\n|t:|1667196053\n|switch|p1a: Clefable|Clefable, M, shiny|100\/100|[from]move: U-turn\n|\n|-weather|none\n|upkeep\n|turn|59\n|\n|t:|1667196061\n|switch|p2a: Hippowdon|Hippowdon, M|100\/100\n|-damage|p2a: Hippowdon|94\/100|[from] Stealth Rock\n|-damage|p2a: Hippowdon|82\/100|[from] Spikes\n|-weather|Sandstorm|[from] ability: Sand Stream|[of] p2a: Hippowdon\n|move|p1a: Clefable|Moonblast|p2a: Hippowdon\n|-damage|p2a: Hippowdon|58\/100\n|\n|-weather|Sandstorm|[upkeep]\n|-heal|p2a: Hippowdon|65\/100|[from] item: Leftovers\n|upkeep\n|turn|60\n|\n|t:|1667196066\n|move|p1a: Clefable|Moonblast|p2a: Hippowdon\n|-damage|p2a: Hippowdon|41\/100\n|move|p2a: Hippowdon|Heavy Slam|p1a: Clefable\n|-supereffective|p1a: Clefable\n|-damage|p1a: Clefable|55\/100\n|-damage|p2a: Hippowdon|24\/100|[from] item: Rocky Helmet|[of] p1a: Clefable\n|\n|-weather|Sandstorm|[upkeep]\n|-heal|p2a: Hippowdon|30\/100|[from] item: Leftovers\n|upkeep\n|turn|61\n|\n|t:|1667196073\n|switch|p1a: Victini|Victini|76\/100\n|-damage|p1a: Victini|51\/100|[from] Stealth Rock\n|move|p2a: Hippowdon|Slack Off|p2a: Hippowdon\n|-heal|p2a: Hippowdon|80\/100\n|\n|-weather|Sandstorm|[upkeep]\n|-damage|p1a: Victini|44\/100|[from] Sandstorm\n|-heal|p2a: Hippowdon|86\/100|[from] item: Leftovers\n|upkeep\n|turn|62\n|inactive|quixana has 120 seconds left.\n|j| cypherstest\n|\n|t:|1667196132\n|switch|p2a: Hydreigon|Hydreigon, F|41\/100\n|-damage|p2a: Hydreigon|29\/100|[from] Stealth Rock\n|move|p1a: Victini|V-create|p2a: Hydreigon\n|-resisted|p2a: Hydreigon\n|-damage|p2a: Hydreigon|0 fnt\n|-unboost|p1a: Victini|spe|1\n|-unboost|p1a: Victini|def|1\n|-unboost|p1a: Victini|spd|1\n|faint|p2a: Hydreigon\n|\n|-weather|Sandstorm|[upkeep]\n|-damage|p1a: Victini|38\/100|[from] Sandstorm\n|upkeep\n|\n|t:|1667196136\n|switch|p2a: Urshifu|Urshifu-Rapid-Strike, M|51\/100\n|-damage|p2a: Urshifu|45\/100|[from] Stealth Rock\n|-damage|p2a: Urshifu|33\/100|[from] Spikes\n|turn|63\n|\n|t:|1667196153\n|switch|p1a: Clefable|Clefable, M, shiny|55\/100\n|move|p2a: Urshifu|U-turn|p1a: Clefable\n|-resisted|p1a: Clefable\n|-damage|p1a: Clefable|41\/100\n|-damage|p2a: Urshifu|16\/100|[from] item: Rocky Helmet|[of] p1a: Clefable\n|inactive|quixana has 90 seconds left.\n|\n|t:|1667196163\n|switch|p2a: Hippowdon|Hippowdon, M|86\/100|[from]move: U-turn\n|-damage|p2a: Hippowdon|80\/100|[from] Stealth Rock\n|-damage|p2a: Hippowdon|68\/100|[from] Spikes\n|\n|-weather|none\n|-heal|p2a: Hippowdon|74\/100|[from] item: Leftovers\n|upkeep\n|turn|64\n|\n|t:|1667196171\n|switch|p1a: Mandibuzz|Mandibuzz, F, shiny|33\/100\n|move|p2a: Hippowdon|Heavy Slam|p1a: Mandibuzz\n|-damage|p1a: Mandibuzz|14\/100\n|\n|-heal|p2a: Hippowdon|80\/100|[from] item: Leftovers\n|upkeep\n|turn|65\n|\n|t:|1667196178\n|switch|p2a: Urshifu|Urshifu-Rapid-Strike, M|16\/100\n|-damage|p2a: Urshifu|10\/100|[from] Stealth Rock\n|-damage|p2a: Urshifu|0 fnt|[from] Spikes\n|faint|p2a: Urshifu\n|move|p1a: Mandibuzz|Roost|p1a: Mandibuzz\n|-heal|p1a: Mandibuzz|64\/100\n|-singleturn|p1a: Mandibuzz|move: Roost\n|\n|upkeep\n|\n|t:|1667196180\n|switch|p2a: Tapu Koko|Tapu Koko|66\/100\n|-damage|p2a: Tapu Koko|53\/100|[from] Stealth Rock\n|-damage|p2a: Tapu Koko|41\/100|[from] Spikes\n|-fieldstart|move: Electric Terrain|[from] ability: Electric Surge|[of] p2a: Tapu Koko\n|turn|66\n|\n|t:|1667196191\n|move|p2a: Tapu Koko|Roost|p2a: Tapu Koko\n|-heal|p2a: Tapu Koko|91\/100\n|-singleturn|p2a: Tapu Koko|move: Roost\n|move|p1a: Mandibuzz|Defog|p2a: Tapu Koko\n|-unboost|p2a: Tapu Koko|evasion|1\n|-sideend|p2: quixana|Spikes|[from] move: Defog|[of] p1a: Mandibuzz\n|-sideend|p2: quixana|Stealth Rock|[from] move: Defog|[of] p1a: Mandibuzz\n|-sideend|p1: george malone|Stealth Rock|[from] move: Defog|[of] p1a: Mandibuzz\n|-fieldend|move: Electric Terrain\n|\n|upkeep\n|turn|67\n|\n|t:|1667196199\n|move|p2a: Tapu Koko|Dazzling Gleam|p1a: Mandibuzz\n|-supereffective|p1a: Mandibuzz\n|-crit|p1a: Mandibuzz\n|-damage|p1a: Mandibuzz|0 fnt\n|faint|p1a: Mandibuzz\n|\n|upkeep\n|\n|t:|1667196209\n|switch|p1a: Victini|Victini|38\/100\n|turn|68\n|\n|t:|1667196218\n|move|p2a: Tapu Koko|Volt Switch|p1a: Victini\n|-damage|p1a: Victini|6\/100\n|\n|t:|1667196221\n|switch|p2a: Hippowdon|Hippowdon, M|80\/100|[from]move: Volt Switch\n|-weather|Sandstorm|[from] ability: Sand Stream|[of] p2a: Hippowdon\n|move|p1a: Victini|V-create|p2a: Hippowdon\n|-damage|p2a: Hippowdon|4\/100\n|-unboost|p1a: Victini|spe|1\n|-unboost|p1a: Victini|def|1\n|-unboost|p1a: Victini|spd|1\n|\n|-weather|Sandstorm|[upkeep]\n|-damage|p1a: Victini|0 fnt|[from] Sandstorm\n|faint|p1a: Victini\n|-heal|p2a: Hippowdon|10\/100|[from] item: Leftovers\n|upkeep\n|\n|t:|1667196225\n|switch|p1a: Zeraora|Zeraora|25\/100 tox\n|turn|69\n|\n|t:|1667196238\n|move|p1a: Zeraora|Knock Off|p2a: Hippowdon\n|-damage|p2a: Hippowdon|0 fnt\n|-enditem|p2a: Hippowdon|Leftovers|[from] move: Knock Off|[of] p1a: Zeraora\n|faint|p2a: Hippowdon\n|\n|-weather|Sandstorm|[upkeep]\n|-damage|p1a: Zeraora|19\/100 tox|[from] Sandstorm\n|-damage|p1a: Zeraora|13\/100 tox|[from] psn\n|upkeep\n|\n|t:|1667196241\n|switch|p2a: Tapu Koko|Tapu Koko|91\/100\n|-fieldstart|move: Electric Terrain|[from] ability: Electric Surge|[of] p2a: Tapu Koko\n|turn|70\n|\n|t:|1667196248\n|move|p1a: Zeraora|Plasma Fists|p2a: Tapu Koko\n|-resisted|p2a: Tapu Koko\n|-damage|p2a: Tapu Koko|52\/100\n|-fieldactivate|move: Ion Deluge\n|-hint|Normal-type moves become Electric-type after using Plasma Fists.\n|move|p2a: Tapu Koko|Roost|p2a: Tapu Koko\n|-heal|p2a: Tapu Koko|100\/100\n|-singleturn|p2a: Tapu Koko|move: Roost\n|\n|-weather|Sandstorm|[upkeep]\n|-damage|p1a: Zeraora|7\/100 tox|[from] Sandstorm\n|-damage|p2a: Tapu Koko|94\/100|[from] Sandstorm\n|-damage|p1a: Zeraora|0 fnt|[from] psn\n|faint|p1a: Zeraora\n|upkeep\n|\n|t:|1667196255\n|switch|p1a: Slowking|Slowking, M, shiny|81\/100 psn\n|turn|71\n|\n|t:|1667196258\n|move|p2a: Tapu Koko|Volt Switch|p1a: Slowking\n|-supereffective|p1a: Slowking\n|-damage|p1a: Slowking|36\/100 psn\n|move|p1a: Slowking|Slack Off|p1a: Slowking\n|-heal|p1a: Slowking|86\/100 psn\n|\n|-weather|Sandstorm|[upkeep]\n|-damage|p2a: Tapu Koko|88\/100|[from] Sandstorm\n|-damage|p1a: Slowking|80\/100 psn|[from] Sandstorm\n|-damage|p1a: Slowking|67\/100 psn|[from] psn\n|upkeep\n|turn|72\n|\n|t:|1667196265\n|move|p2a: Tapu Koko|Volt Switch|p1a: Slowking\n|-supereffective|p1a: Slowking\n|-damage|p1a: Slowking|21\/100 psn\n|move|p1a: Slowking|Slack Off|p1a: Slowking\n|-heal|p1a: Slowking|71\/100 psn\n|\n|-weather|none\n|-damage|p1a: Slowking|59\/100 psn|[from] psn\n|upkeep\n|turn|73\n|\n|t:|1667196271\n|switch|p1a: Clefable|Clefable, M, shiny|41\/100\n|move|p2a: Tapu Koko|Volt Switch|p1a: Clefable\n|-damage|p1a: Clefable|6\/100\n|\n|upkeep\n|turn|74\n|\n|t:|1667196276\n|move|p2a: Tapu Koko|Volt Switch|p1a: Clefable\n|-damage|p1a: Clefable|0 fnt\n|faint|p1a: Clefable\n|\n|-fieldend|move: Electric Terrain\n|upkeep\n|\n|t:|1667196278\n|switch|p1a: Slowking|Slowking, M, shiny|92\/100 psn\n|turn|75\n|\n|t:|1667196281\n|move|p2a: Tapu Koko|Volt Switch|p1a: Slowking\n|-supereffective|p1a: Slowking\n|-damage|p1a: Slowking|55\/100 psn\n|move|p1a: Slowking|Slack Off|p1a: Slowking\n|-heal|p1a: Slowking|100\/100 psn\n|\n|-damage|p1a: Slowking|88\/100 psn|[from] psn\n|upkeep\n|turn|76\n|\n|t:|1667196284\n|move|p2a: Tapu Koko|Volt Switch|p1a: Slowking\n|-supereffective|p1a: Slowking\n|-damage|p1a: Slowking|52\/100 psn\n|move|p1a: Slowking|Future Sight|p2a: Tapu Koko\n|-start|p1a: Slowking|move: Future Sight\n|\n|-damage|p1a: Slowking|40\/100 psn|[from] psn\n|upkeep\n|turn|77\n|\n|t:|1667196288\n|move|p2a: Tapu Koko|Volt Switch|p1a: Slowking\n|-supereffective|p1a: Slowking\n|-damage|p1a: Slowking|4\/100 psn\n|move|p1a: Slowking|Slack Off|p1a: Slowking\n|-heal|p1a: Slowking|54\/100 psn\n|\n|-damage|p1a: Slowking|42\/100 psn|[from] psn\n|upkeep\n|turn|78\n|\n|t:|1667196292\n|move|p2a: Tapu Koko|Volt Switch|p1a: Slowking\n|-supereffective|p1a: Slowking\n|-damage|p1a: Slowking|8\/100 psn\n|move|p1a: Slowking|Slack Off|p1a: Slowking\n|-heal|p1a: Slowking|59\/100 psn\n|\n|-end|p2a: Tapu Koko|move: Future Sight\n|-damage|p2a: Tapu Koko|25\/100\n|-damage|p1a: Slowking|46\/100 psn|[from] psn\n|upkeep\n|turn|79\n|\n|t:|1667196299\n|move|p2a: Tapu Koko|Roost|p2a: Tapu Koko\n|-heal|p2a: Tapu Koko|76\/100\n|-singleturn|p2a: Tapu Koko|move: Roost\n|move|p1a: Slowking|Slack Off|p1a: Slowking\n|-heal|p1a: Slowking|96\/100 psn\n|\n|-damage|p1a: Slowking|84\/100 psn|[from] psn\n|upkeep\n|turn|80\n|\n|t:|1667196302\n|move|p2a: Tapu Koko|Volt Switch|p1a: Slowking\n|-supereffective|p1a: Slowking\n|-damage|p1a: Slowking|50\/100 psn\n|move|p1a: Slowking|Slack Off|p1a: Slowking\n|-heal|p1a: Slowking|99\/100 psn\n|\n|-damage|p1a: Slowking|88\/100 psn|[from] psn\n|upkeep\n|turn|81\n|\n|t:|1667196311\n|move|p2a: Tapu Koko|Volt Switch|p1a: Slowking\n|-supereffective|p1a: Slowking\n|-damage|p1a: Slowking|53\/100 psn\n|move|p1a: Slowking|Future Sight|p2a: Tapu Koko\n|-start|p1a: Slowking|move: Future Sight\n|\n|-damage|p1a: Slowking|40\/100 psn|[from] psn\n|upkeep\n|turn|82\n|\n|t:|1667196327\n|move|p2a: Tapu Koko|Volt Switch|p1a: Slowking\n|-supereffective|p1a: Slowking\n|-crit|p1a: Slowking\n|-damage|p1a: Slowking|0 fnt\n|faint|p1a: Slowking\n|\n|win|quixana\n|raw|george malone's rating: 1714 &rarr; <strong>1694<\/strong><br \/>(-20 for losing)\n|raw|quixana's rating: 1708 &rarr; <strong>1728<\/strong><br \/>(+20 for winning)\n","uploadtime":1667196336,"views":24,"p1id":"georgemalone","p2id":"quixana","formatid":"gen8ou","rating":1694,"private":0,"password":null}