{"id":"gen8ou-1118071169","p1":"PlayKz","p2":"testotesto321","format":"gen8ou","log":"|j|\u2606PlayKz\n|j|\u2606testotesto321\n|player|p1|PlayKz|hilbert-dueldisk|1556\n|player|p2|testotesto321|bellelba|1514\n|teamsize|p1|6\n|teamsize|p2|6\n|gametype|singles\n|gen|8\n|tier|[Gen 8] OU\n|rated|\n|html|<div class=\"broadcast-blue\"><strong>OU is currently suspecting Dracovish! For information on how to participate check out the <a href=\"https:\/\/www.smogon.com\/forums\/threads\/3664521\/\">suspect thread<\/a>.<\/strong><\/div>\n|clearpoke\n|poke|p1|Gyarados, M|\n|poke|p1|Flygon, M|\n|poke|p1|Conkeldurr, M|\n|poke|p1|Zeraora|\n|poke|p1|Cinderace, M|\n|poke|p1|Dracovish|\n|poke|p2|Gengar, M|\n|poke|p2|Zeraora|\n|poke|p2|Clefable, F|\n|poke|p2|Hippowdon, F|\n|poke|p2|Corviknight, F|\n|poke|p2|Toxapex, F|\n|rule|Sleep Clause Mod: Limit one foe put to sleep\n|rule|Species Clause: Limit one of each Pok\u00e9mon\n|rule|OHKO Clause: OHKO moves are banned\n|rule|Evasion Moves Clause: Evasion moves are banned\n|rule|Endless Battle Clause: Forcing endless battles is banned\n|rule|HP Percentage Mod: HP is shown in percentages\n|rule|Dynamax Clause: You cannot dynamax\n|teampreview\n|\n|start\n|switch|p1a: Michoucroute|Dracovish, shiny|100\/100\n|switch|p2a: Toxapex|Toxapex, F, shiny|100\/100\n|turn|1\n|\n|move|p1a: Michoucroute|Psychic Fangs|p2a: Toxapex\n|-supereffective|p2a: Toxapex\n|-damage|p2a: Toxapex|31\/100\n|move|p2a: Toxapex|Toxic|p1a: Michoucroute\n|-status|p1a: Michoucroute|tox\n|\n|-heal|p2a: Toxapex|37\/100|[from] item: Black Sludge\n|-damage|p1a: Michoucroute|94\/100 tox|[from] psn\n|upkeep\n|turn|2\n|\n|switch|p2a: Corviknight|Corviknight, F, shiny|100\/100\n|-ability|p2a: Corviknight|Pressure\n|move|p1a: Michoucroute|Psychic Fangs|p2a: Corviknight\n|-resisted|p2a: Corviknight\n|-damage|p2a: Corviknight|79\/100\n|\n|-heal|p2a: Corviknight|85\/100|[from] item: Leftovers\n|-damage|p1a: Michoucroute|82\/100 tox|[from] psn\n|upkeep\n|turn|3\n|\n|switch|p1a: Minato|Zeraora|100\/100\n|move|p2a: Corviknight|U-turn|p1a: Minato\n|-damage|p1a: Minato|82\/100\n|inactive|Battle timer is ON: inactive players will automatically lose when time's up. (requested by PlayKz)\n|\n|switch|p2a: Hippowdon|Hippowdon, F|100\/100|[from]move: U-turn\n|-weather|Sandstorm|[from] ability: Sand Stream|[of] p2a: Hippowdon\n|\n|-weather|Sandstorm|[upkeep]\n|-damage|p1a: Minato|76\/100|[from] Sandstorm\n|upkeep\n|turn|4\n|\n|switch|p1a: Scarab\u00e9e|Flygon, M|100\/100\n|move|p2a: Hippowdon|Earthquake|p1a: Scarab\u00e9e\n|-immune|p1a: Scarab\u00e9e|[from] ability: Levitate\n|\n|-weather|Sandstorm|[upkeep]\n|upkeep\n|turn|5\n|\n|move|p1a: Scarab\u00e9e|Dragon Dance|p1a: Scarab\u00e9e\n|-boost|p1a: Scarab\u00e9e|atk|1\n|-boost|p1a: Scarab\u00e9e|spe|1\n|move|p2a: Hippowdon|Toxic|p1a: Scarab\u00e9e\n|-status|p1a: Scarab\u00e9e|tox\n|\n|-weather|Sandstorm|[upkeep]\n|-damage|p1a: Scarab\u00e9e|95\/100 tox|[from] psn\n|upkeep\n|turn|6\n|\n|move|p1a: Scarab\u00e9e|Earthquake|p2a: Hippowdon\n|-damage|p2a: Hippowdon|64\/100\n|move|p2a: Hippowdon|Slack Off|p2a: Hippowdon\n|-heal|p2a: Hippowdon|100\/100\n|\n|-weather|Sandstorm|[upkeep]\n|-damage|p1a: Scarab\u00e9e|83\/100 tox|[from] psn\n|upkeep\n|turn|7\n|\n|switch|p1a: Michoucroute|Dracovish, shiny|82\/100 tox\n|move|p2a: Hippowdon|Slack Off||[still]\n|-fail|p2a: Hippowdon|heal\n|\n|-weather|none\n|-damage|p1a: Michoucroute|76\/100 tox|[from] psn\n|upkeep\n|turn|8\n|\n|switch|p2a: Toxapex|Toxapex, F, shiny|70\/100\n|move|p1a: Michoucroute|Fishious Rend|p2a: Toxapex\n|-resisted|p2a: Toxapex\n|-damage|p2a: Toxapex|23\/100\n|\n|-heal|p2a: Toxapex|29\/100|[from] item: Black Sludge\n|-damage|p1a: Michoucroute|64\/100 tox|[from] psn\n|upkeep\n|turn|9\n|\n|switch|p2a: Corviknight|Corviknight, F, shiny|85\/100\n|-ability|p2a: Corviknight|Pressure\n|move|p1a: Michoucroute|Fishious Rend|p2a: Corviknight\n|-damage|p2a: Corviknight|0 fnt\n|faint|p2a: Corviknight\n|\n|-damage|p1a: Michoucroute|46\/100 tox|[from] psn\n|upkeep\n|\n|switch|p2a: Zeraora|Zeraora|100\/100\n|turn|10\n|\n|switch|p1a: Minato|Zeraora|76\/100\n|move|p2a: Zeraora|Play Rough|p1a: Minato\n|-damage|p1a: Minato|35\/100\n|-enditem|p1a: Minato|Sitrus Berry|[eat]\n|-heal|p1a: Minato|59\/100|[from] item: Sitrus Berry\n|\n|upkeep\n|turn|11\n|\n|switch|p2a: Hippowdon|Hippowdon, F|100\/100\n|-weather|Sandstorm|[from] ability: Sand Stream|[of] p2a: Hippowdon\n|move|p1a: Minato|Bulk Up|p1a: Minato\n|-boost|p1a: Minato|atk|1\n|-boost|p1a: Minato|def|1\n|\n|-weather|Sandstorm|[upkeep]\n|-damage|p1a: Minato|53\/100|[from] Sandstorm\n|upkeep\n|turn|12\n|\n|move|p1a: Minato|Knock Off|p2a: Hippowdon\n|-damage|p2a: Hippowdon|77\/100\n|-damage|p1a: Minato|37\/100|[from] item: Rocky Helmet|[of] p2a: Hippowdon\n|-enditem|p2a: Hippowdon|Rocky Helmet|[from] move: Knock Off|[of] p1a: Minato\n|move|p2a: Hippowdon|Earthquake|p1a: Minato\n|-supereffective|p1a: Minato\n|-damage|p1a: Minato|0 fnt\n|faint|p1a: Minato\n|\n|-weather|Sandstorm|[upkeep]\n|upkeep\n|\n|switch|p1a: Benalla|Conkeldurr, M, shiny|100\/100\n|turn|13\n|\n|switch|p2a: Clefable|Clefable, F, shiny|100\/100\n|move|p1a: Benalla|Drain Punch|p2a: Clefable\n|-resisted|p2a: Clefable\n|-damage|p2a: Clefable|73\/100\n|\n|-weather|Sandstorm|[upkeep]\n|-damage|p1a: Benalla|94\/100|[from] Sandstorm\n|-status|p1a: Benalla|brn|[from] item: Flame Orb\n|upkeep\n|turn|14\n|\n|move|p2a: Clefable|Moonblast|p1a: Benalla\n|-supereffective|p1a: Benalla\n|-damage|p1a: Benalla|0 fnt\n|faint|p1a: Benalla\n|\n|-weather|Sandstorm|[upkeep]\n|upkeep\n|j| NDHB\n|\n|switch|p1a: LaL\u00e9gende|Gyarados, M, shiny|100\/100\n|turn|15\n|\n|move|p1a: LaL\u00e9gende|Dragon Dance|p1a: LaL\u00e9gende\n|-boost|p1a: LaL\u00e9gende|atk|1\n|-boost|p1a: LaL\u00e9gende|spe|1\n|move|p2a: Clefable|Thunder Wave|p1a: LaL\u00e9gende|[miss]\n|-miss|p2a: Clefable|p1a: LaL\u00e9gende\n|\n|-weather|none\n|upkeep\n|turn|16\n|\n|move|p1a: LaL\u00e9gende|Waterfall|p2a: Clefable\n|-damage|p2a: Clefable|0 fnt\n|faint|p2a: Clefable\n|-ability|p1a: LaL\u00e9gende|Moxie|boost\n|-boost|p1a: LaL\u00e9gende|atk|1\n|\n|upkeep\n|c|\u2606testotesto321|lucky\n|c|\u2606PlayKz|Lol\n|\n|switch|p2a: Zeraora|Zeraora|100\/100\n|turn|17\n|\n|move|p1a: LaL\u00e9gende|Earthquake|p2a: Zeraora\n|-supereffective|p2a: Zeraora\n|-damage|p2a: Zeraora|0 fnt\n|faint|p2a: Zeraora\n|-ability|p1a: LaL\u00e9gende|Moxie|boost\n|-boost|p1a: LaL\u00e9gende|atk|1\n|\n|upkeep\n|-message|testotesto321 forfeited.\n|\n|win|PlayKz\n|l|\u2606testotesto321\n|l|\u2606PlayKz\n","uploadtime":1589983808,"views":21,"p1id":"playkz","p2id":"testotesto321","formatid":"gen8ou","rating":0,"private":0,"password":null}