{"id":"gen8ou-1619925126","p1":"taimote","p2":"yuwenzhao","format":"gen8ou","log":"|j|\u203dtaimote\n|j|\u2606yuwenzhao\n|t:|1658157326\n|gametype|singles\n|player|p1|taimote|265|1464\n|player|p2|yuwenzhao|dawn|1471\n|teamsize|p1|6\n|teamsize|p2|6\n|gen|8\n|tier|[Gen 8] OU\n|rated|\n|rule|Sleep Clause Mod: Limit one foe put to sleep\n|rule|Species Clause: Limit one of each Pok\u00e9mon\n|rule|OHKO Clause: OHKO moves are banned\n|rule|Evasion Moves Clause: Evasion moves are banned\n|rule|Endless Battle Clause: Forcing endless battles is banned\n|rule|HP Percentage Mod: HP is shown in percentages\n|rule|Dynamax Clause: You cannot dynamax\n|clearpoke\n|poke|p1|Torkoal, F|\n|poke|p1|Venusaur, F|\n|poke|p1|Regieleki|\n|poke|p1|Weavile, M|\n|poke|p1|Heatran, M|\n|poke|p1|Landorus-Therian, M|\n|poke|p2|Dragonite, M|\n|poke|p2|Slowking-Galar, M|\n|poke|p2|Heatran, M|\n|poke|p2|Urshifu-*, F|\n|poke|p2|Landorus-Therian, M|\n|poke|p2|Latias, F|\n|teampreview\n|inactive|Battle timer is ON: inactive players will automatically lose when time's up. (requested by yuwenzhao)\n|\n|t:|1658157334\n|start\n|switch|p1a: Weavile|Weavile, M|100\/100\n|switch|p2a: Urshifu|Urshifu-Rapid-Strike, F|100\/100\n|turn|1\n|\n|t:|1658157342\n|switch|p1a: Torkoal|Torkoal, F|100\/100\n|-weather|SunnyDay|[from] ability: Drought|[of] p1a: Torkoal\n|move|p2a: Urshifu|Surging Strikes|p1a: Torkoal\n|-supereffective|p1a: Torkoal\n|-crit|p1a: Torkoal\n|-damage|p1a: Torkoal|83\/100\n|-supereffective|p1a: Torkoal\n|-crit|p1a: Torkoal\n|-damage|p1a: Torkoal|66\/100\n|-supereffective|p1a: Torkoal\n|-crit|p1a: Torkoal\n|-damage|p1a: Torkoal|49\/100\n|-hitcount|p1a: Torkoal|3\n|\n|-weather|SunnyDay|[upkeep]\n|upkeep\n|turn|2\n|\n|t:|1658157363\n|switch|p2a: Heatran|Heatran, M|100\/100\n|-item|p2a: Heatran|Air Balloon\n|switch|p1a: Venusaur|Venusaur, F|100\/100\n|\n|-weather|SunnyDay|[upkeep]\n|upkeep\n|turn|3\n|\n|t:|1658157371\n|switch|p1a: Heatran|Heatran, M|100\/100\n|-item|p1a: Heatran|Air Balloon\n|move|p2a: Heatran|Eruption|p1a: Heatran\n|-start|p1a: Heatran|ability: Flash Fire\n|\n|-weather|SunnyDay|[upkeep]\n|upkeep\n|turn|4\n|\n|t:|1658157382\n|move|p1a: Heatran|Flash Cannon|p2a: Heatran\n|-resisted|p2a: Heatran\n|-damage|p2a: Heatran|90\/100\n|-enditem|p2a: Heatran|Air Balloon\n|move|p2a: Heatran|Taunt|p1a: Heatran\n|-start|p1a: Heatran|move: Taunt\n|\n|-weather|SunnyDay|[upkeep]\n|upkeep\n|turn|5\n|\n|t:|1658157401\n|switch|p2a: Urshifu|Urshifu-Rapid-Strike, F|100\/100\n|move|p1a: Heatran|Eruption|p2a: Urshifu\n|-resisted|p2a: Urshifu\n|-damage|p2a: Urshifu|0 fnt\n|faint|p2a: Urshifu\n|\n|-weather|SunnyDay|[upkeep]\n|upkeep\n|-message|yuwenzhao forfeited.\n|\n|win|taimote\n|raw|taimote's rating: 1464 &rarr; <strong>1484<\/strong><br \/>(+20 for winning)\n|raw|yuwenzhao's rating: 1471 &rarr; <strong>1451<\/strong><br \/>(-20 for losing)\n|l|\u2606yuwenzhao\n||Ladder isn't responding, score probably updated but might not have (Request timeout).\n","uploadtime":1658157431,"views":12,"p1id":"taimote","p2id":"yuwenzhao","formatid":"gen8ou","rating":1451,"private":0,"password":null}