{"id":"gen8ou-1235429348","p1":"70to90gxe","p2":"ThedebatableReaper","format":"gen8ou","log":"|j|\u260670to90gxe\n|j|\u2606ThedebatableReaper\n|t:|1606883074\n|player|p1|70to90gxe|102|2094\n|player|p2|ThedebatableReaper|169|1874\n|teamsize|p1|6\n|teamsize|p2|6\n|gametype|singles\n|gen|8\n|tier|[Gen 8] OU\n|rated|\n|clearpoke\n|poke|p1|Pheromosa|\n|poke|p1|Slowking-Galar, M|\n|poke|p1|Hippowdon, F|\n|poke|p1|Corviknight, M|\n|poke|p1|Clefable, F|\n|poke|p1|Snorlax, M|\n|poke|p2|Spectrier|\n|poke|p2|Rillaboom, F|\n|poke|p2|Heatran, M|\n|poke|p2|Tapu Fini|\n|poke|p2|Zapdos-Galar|\n|poke|p2|Nidoking, M|\n|rule|Sleep Clause Mod: Limit one foe put to sleep\n|rule|Species Clause: Limit one of each Pok\u00e9mon\n|rule|OHKO Clause: OHKO moves are banned\n|rule|Evasion Moves Clause: Evasion moves are banned\n|rule|Endless Battle Clause: Forcing endless battles is banned\n|rule|HP Percentage Mod: HP is shown in percentages\n|rule|Dynamax Clause: You cannot dynamax\n|teampreview\n|j| Accountstolenagain\n|j| back from pluto\n|j| rh32525\n|j| Trailblazer324\n|\n|t:|1606883104\n|start\n|switch|p1a: Pheromosa|Pheromosa|100\/100\n|switch|p2a: Rillaboom|Rillaboom, F|100\/100\n|-fieldstart|move: Grassy Terrain|[from] ability: Grassy Surge|[of] p2a: Rillaboom\n|turn|1\n|l| Trailblazer324\n|\n|t:|1606883120\n|switch|p2a: Tapu Fini|Tapu Fini|100\/100\n|-fieldstart|move: Misty Terrain|[from] ability: Misty Surge|[of] p2a: Tapu Fini\n|move|p1a: Pheromosa|U-turn|p2a: Tapu Fini\n|-resisted|p2a: Tapu Fini\n|-damage|p2a: Tapu Fini|87\/100\n|\n|t:|1606883122\n|switch|p1a: Slowking|Slowking-Galar, M|100\/100|[from]move: U-turn\n|\n|-heal|p2a: Tapu Fini|93\/100|[from] item: Leftovers\n|upkeep\n|turn|2\n|\n|t:|1606883134\n|switch|p2a: Heatran|Heatran, M|100\/100\n|move|p1a: Slowking|Hydro Pump|p2a: Heatran|[miss]\n|-miss|p1a: Slowking|p2a: Heatran\n|\n|upkeep\n|turn|3\n|\n|t:|1606883146\n|switch|p2a: Rillaboom|Rillaboom, F|100\/100\n|-fieldstart|move: Grassy Terrain|[from] ability: Grassy Surge|[of] p2a: Rillaboom\n|move|p1a: Slowking|Hydro Pump|p2a: Rillaboom\n|-resisted|p2a: Rillaboom\n|-damage|p2a: Rillaboom|78\/100\n|\n|-heal|p2a: Rillaboom|84\/100|[from] Grassy Terrain\n|upkeep\n|turn|4\n|\n|t:|1606883155\n|switch|p1a: Hippowdon|Hippowdon, F|100\/100\n|move|p2a: Rillaboom|Knock Off|p1a: Hippowdon\n|-crit|p1a: Hippowdon\n|-damage|p1a: Hippowdon|60\/100\n|-damage|p2a: Rillaboom|67\/100|[from] item: Rocky Helmet|[of] p1a: Hippowdon\n|-enditem|p1a: Hippowdon|Rocky Helmet|[from] move: Knock Off|[of] p2a: Rillaboom\n|\n|-heal|p2a: Rillaboom|74\/100|[from] Grassy Terrain\n|-heal|p1a: Hippowdon|66\/100|[from] Grassy Terrain\n|upkeep\n|turn|5\n|j| SpacejunkTroy\n|\n|t:|1606883165\n|switch|p2a: Tapu Fini|Tapu Fini|93\/100\n|-fieldstart|move: Misty Terrain|[from] ability: Misty Surge|[of] p2a: Tapu Fini\n|move|p1a: Hippowdon|Stealth Rock|p2a: Tapu Fini\n|-sidestart|p2: ThedebatableReaper|move: Stealth Rock\n|\n|-heal|p2a: Tapu Fini|99\/100|[from] item: Leftovers\n|upkeep\n|turn|6\n|l| Accountstolenagain\n|j| MgcCpu\n|\n|t:|1606883174\n|move|p2a: Tapu Fini|Defog|p1a: Hippowdon\n|-unboost|p1a: Hippowdon|evasion|1\n|-sideend|p2: ThedebatableReaper|Stealth Rock|[from] move: Defog|[of] p2a: Tapu Fini\n|-fieldend|Misty Terrain\n|move|p1a: Hippowdon|Toxic|p2a: Tapu Fini\n|-status|p2a: Tapu Fini|tox\n|\n|-heal|p2a: Tapu Fini|100\/100 tox|[from] item: Leftovers\n|-damage|p2a: Tapu Fini|94\/100 tox|[from] psn\n|upkeep\n|turn|7\n|\n|t:|1606883183\n|switch|p2a: Rillaboom|Rillaboom, F|74\/100\n|-fieldstart|move: Grassy Terrain|[from] ability: Grassy Surge|[of] p2a: Rillaboom\n|switch|p1a: Slowking|Slowking-Galar, M|100\/100\n|\n|-heal|p2a: Rillaboom|80\/100|[from] Grassy Terrain\n|upkeep\n|turn|8\n|j| stewpeed\n|\n|t:|1606883191\n|switch|p1a: Hippowdon|Hippowdon, F|66\/100\n|move|p2a: Rillaboom|U-turn|p1a: Hippowdon\n|-crit|p1a: Hippowdon\n|-damage|p1a: Hippowdon|35\/100\n|j| hfeath\n|\n|t:|1606883197\n|switch|p2a: Nidoking|Nidoking, M|100\/100|[from]move: U-turn\n|\n|-heal|p1a: Hippowdon|41\/100|[from] Grassy Terrain\n|upkeep\n|turn|9\n|\n|t:|1606883203\n|switch|p1a: Snorlax|Snorlax, M|100\/100\n|move|p2a: Nidoking|Earth Power|p1a: Snorlax\n|-damage|p1a: Snorlax|73\/100\n|\n|-heal|p1a: Snorlax|80\/100|[from] item: Leftovers\n|-heal|p1a: Snorlax|86\/100|[from] Grassy Terrain\n|upkeep\n|turn|10\n|j| Weather icon v2\n|\n|t:|1606883211\n|move|p2a: Nidoking|Superpower|p1a: Snorlax\n|-supereffective|p1a: Snorlax\n|-damage|p1a: Snorlax|22\/100\n|-unboost|p2a: Nidoking|atk|1\n|-unboost|p2a: Nidoking|def|1\n|-damage|p2a: Nidoking|91\/100|[from] item: Life Orb\n|move|p1a: Snorlax|Body Slam|p2a: Nidoking\n|-damage|p2a: Nidoking|15\/100\n|\n|-heal|p2a: Nidoking|21\/100|[from] Grassy Terrain\n|-heal|p1a: Snorlax|28\/100|[from] item: Leftovers\n|-heal|p1a: Snorlax|34\/100|[from] Grassy Terrain\n|upkeep\n|turn|11\n|j| gorgc\n|j| Qiyaxu\n|\n|t:|1606883224\n|switch|p1a: Corviknight|Corviknight, M|100\/100\n|-ability|p1a: Corviknight|Pressure\n|move|p2a: Nidoking|Sludge Wave|p1a: Corviknight\n|-immune|p1a: Corviknight\n|\n|-heal|p2a: Nidoking|27\/100|[from] Grassy Terrain\n|-fieldend|move: Grassy Terrain\n|upkeep\n|turn|12\n|j| higvhjuhjjh\n|\n|t:|1606883232\n|switch|p1a: Snorlax|Snorlax, M|34\/100\n|move|p2a: Nidoking|Flamethrower|p1a: Snorlax\n|-damage|p1a: Snorlax|23\/100\n|\n|-heal|p1a: Snorlax|30\/100|[from] item: Leftovers\n|upkeep\n|turn|13\n|\n|t:|1606883239\n|switch|p1a: Corviknight|Corviknight, M|100\/100\n|-ability|p1a: Corviknight|Pressure\n|move|p2a: Nidoking|Sludge Wave|p1a: Corviknight\n|-immune|p1a: Corviknight\n|\n|upkeep\n|turn|14\n|j| Jesus0501\n|\n|t:|1606883251\n|move|p2a: Nidoking|Flamethrower|p1a: Corviknight\n|-supereffective|p1a: Corviknight\n|-damage|p1a: Corviknight|8\/100\n|move|p1a: Corviknight|Body Press|p2a: Nidoking\n|-resisted|p2a: Nidoking\n|-damage|p2a: Nidoking|0 fnt\n|faint|p2a: Nidoking\n|\n|-heal|p1a: Corviknight|15\/100|[from] item: Leftovers\n|upkeep\n|j| Trailblazer324\n|l| Trailblazer324\n|\n|t:|1606883275\n|switch|p2a: Rillaboom|Rillaboom, F|80\/100\n|-fieldstart|move: Grassy Terrain|[from] ability: Grassy Surge|[of] p2a: Rillaboom\n|turn|15\n|\n|t:|1606883307\n|switch|p1a: Hippowdon|Hippowdon, F|41\/100\n|move|p2a: Rillaboom|Knock Off|p1a: Hippowdon\n|-damage|p1a: Hippowdon|23\/100\n|\n|-heal|p2a: Rillaboom|86\/100|[from] Grassy Terrain\n|-heal|p1a: Hippowdon|29\/100|[from] Grassy Terrain\n|upkeep\n|turn|16\n|\n|t:|1606883315\n|switch|p2a: Spectrier|Spectrier|100\/100\n|move|p1a: Hippowdon|Slack Off|p1a: Hippowdon\n|-heal|p1a: Hippowdon|79\/100\n|\n|-heal|p1a: Hippowdon|85\/100|[from] Grassy Terrain\n|upkeep\n|turn|17\n|\n|t:|1606883323\n|switch|p1a: Snorlax|Snorlax, M|30\/100\n|move|p2a: Spectrier|Shadow Ball|p1a: Snorlax\n|-immune|p1a: Snorlax\n|\n|-heal|p1a: Snorlax|36\/100|[from] item: Leftovers\n|-heal|p1a: Snorlax|42\/100|[from] Grassy Terrain\n|upkeep\n|turn|18\n|j| Vessev\n|\n|t:|1606883332\n|switch|p2a: Tapu Fini|Tapu Fini|94\/100 tox\n|-fieldstart|move: Misty Terrain|[from] ability: Misty Surge|[of] p2a: Tapu Fini\n|move|p1a: Snorlax|Body Slam|p2a: Tapu Fini\n|-damage|p2a: Tapu Fini|72\/100 tox\n|\n|-heal|p2a: Tapu Fini|79\/100 tox|[from] item: Leftovers\n|-heal|p1a: Snorlax|48\/100|[from] item: Leftovers\n|-damage|p2a: Tapu Fini|72\/100 tox|[from] psn\n|upkeep\n|turn|19\n|j| DoritoBreath\n|\n|t:|1606883342\n|switch|p2a: Zapdos|Zapdos-Galar|100\/100\n|move|p1a: Snorlax|Body Slam|p2a: Zapdos\n|-damage|p2a: Zapdos|60\/100\n|\n|-heal|p1a: Snorlax|54\/100|[from] item: Leftovers\n|upkeep\n|turn|20\n|\n|t:|1606883351\n|switch|p1a: Hippowdon|Hippowdon, F|85\/100\n|move|p2a: Zapdos|Brave Bird|p1a: Hippowdon\n|-damage|p1a: Hippowdon|53\/100\n|-damage|p2a: Zapdos|47\/100|[from] Recoil\n|\n|upkeep\n|turn|21\n|j| Yuno Delphine\n|\n|t:|1606883358\n|switch|p2a: Rillaboom|Rillaboom, F|86\/100\n|-fieldstart|move: Grassy Terrain|[from] ability: Grassy Surge|[of] p2a: Rillaboom\n|move|p1a: Hippowdon|Slack Off|p1a: Hippowdon\n|-heal|p1a: Hippowdon|100\/100\n|\n|-heal|p2a: Rillaboom|92\/100|[from] Grassy Terrain\n|upkeep\n|turn|22\n|j| Agaagaaga\n|\n|t:|1606883368\n|switch|p1a: Corviknight|Corviknight, M|15\/100\n|-ability|p1a: Corviknight|Pressure\n|move|p2a: Rillaboom|Wood Hammer|p1a: Corviknight\n|-resisted|p1a: Corviknight\n|-damage|p1a: Corviknight|0 fnt\n|-damage|p2a: Rillaboom|87\/100|[from] Recoil\n|faint|p1a: Corviknight\n|\n|-heal|p2a: Rillaboom|93\/100|[from] Grassy Terrain\n|upkeep\n|\n|t:|1606883370\n|switch|p1a: Pheromosa|Pheromosa|100\/100\n|turn|23\n|l| Vessev\n|\n|t:|1606883388\n|switch|p2a: Tapu Fini|Tapu Fini|72\/100 tox\n|-fieldstart|move: Misty Terrain|[from] ability: Misty Surge|[of] p2a: Tapu Fini\n|move|p1a: Pheromosa|Close Combat|p2a: Tapu Fini\n|-resisted|p2a: Tapu Fini\n|-damage|p2a: Tapu Fini|49\/100 tox\n|-unboost|p1a: Pheromosa|def|1\n|-unboost|p1a: Pheromosa|spd|1\n|\n|-heal|p2a: Tapu Fini|55\/100 tox|[from] item: Leftovers\n|-damage|p2a: Tapu Fini|49\/100 tox|[from] psn\n|upkeep\n|turn|24\n|j| Vessev\n|\n|t:|1606883403\n|move|p1a: Pheromosa|U-turn|p2a: Tapu Fini\n|-resisted|p2a: Tapu Fini\n|-damage|p2a: Tapu Fini|36\/100 tox\n|\n|t:|1606883405\n|switch|p1a: Slowking|Slowking-Galar, M|100\/100|[from]move: U-turn\n|move|p2a: Tapu Fini|Scald|p1a: Slowking\n|-damage|p1a: Slowking|86\/100\n|\n|-heal|p2a: Tapu Fini|42\/100 tox|[from] item: Leftovers\n|-damage|p2a: Tapu Fini|30\/100 tox|[from] psn\n|upkeep\n|turn|25\n|\n|t:|1606883416\n|switch|p2a: Heatran|Heatran, M|100\/100\n|move|p1a: Slowking|Future Sight|p2a: Heatran\n|-start|p1a: Slowking|move: Future Sight\n|\n|upkeep\n|turn|26\n|\n|t:|1606883423\n|move|p2a: Heatran|Magma Storm|p1a: Slowking|[miss]\n|-miss|p2a: Heatran|p1a: Slowking\n|move|p1a: Slowking|Hydro Pump|p2a: Heatran\n|-supereffective|p2a: Heatran\n|-damage|p2a: Heatran|48\/100\n|\n|-heal|p2a: Heatran|54\/100|[from] item: Leftovers\n|upkeep\n|turn|27\n|\n|t:|1606883430\n|move|p2a: Heatran|Magma Storm|p1a: Slowking|[miss]\n|-miss|p2a: Heatran|p1a: Slowking\n|move|p1a: Slowking|Hydro Pump|p2a: Heatran|[miss]\n|-miss|p1a: Slowking|p2a: Heatran\n|\n|-end|p2a: Heatran|move: Future Sight\n|-resisted|p2a: Heatran\n|-damage|p2a: Heatran|35\/100\n|-heal|p2a: Heatran|41\/100|[from] item: Leftovers\n|-fieldend|Misty Terrain\n|upkeep\n|turn|28\n|\n|t:|1606883440\n|switch|p2a: Rillaboom|Rillaboom, F|93\/100\n|-fieldstart|move: Grassy Terrain|[from] ability: Grassy Surge|[of] p2a: Rillaboom\n|move|p1a: Slowking|Hydro Pump|p2a: Rillaboom\n|-resisted|p2a: Rillaboom\n|-damage|p2a: Rillaboom|69\/100\n|\n|-heal|p2a: Rillaboom|76\/100|[from] Grassy Terrain\n|-heal|p1a: Slowking|92\/100|[from] Grassy Terrain\n|upkeep\n|turn|29\n|\n|t:|1606883449\n|switch|p1a: Hippowdon|Hippowdon, F|100\/100\n|move|p2a: Rillaboom|Knock Off|p1a: Hippowdon\n|-damage|p1a: Hippowdon|82\/100\n|\n|-heal|p2a: Rillaboom|82\/100|[from] Grassy Terrain\n|-heal|p1a: Hippowdon|88\/100|[from] Grassy Terrain\n|upkeep\n|turn|30\n|\n|t:|1606883459\n|switch|p2a: Spectrier|Spectrier|100\/100\n|move|p1a: Hippowdon|Stealth Rock|p2a: Spectrier\n|-sidestart|p2: ThedebatableReaper|move: Stealth Rock\n|\n|-heal|p1a: Hippowdon|94\/100|[from] Grassy Terrain\n|upkeep\n|turn|31\n|\n|t:|1606883467\n|switch|p1a: Slowking|Slowking-Galar, M|100\/100\n|move|p2a: Spectrier|Will-O-Wisp|p1a: Slowking\n|-status|p1a: Slowking|brn\n|\n|-damage|p1a: Slowking|94\/100 brn|[from] brn\n|upkeep\n|turn|32\n|\n|t:|1606883477\n|switch|p2a: Heatran|Heatran, M|41\/100\n|-damage|p2a: Heatran|29\/100|[from] Stealth Rock\n|move|p1a: Slowking|Hydro Pump|p2a: Heatran\n|-supereffective|p2a: Heatran\n|-damage|p2a: Heatran|0 fnt\n|faint|p2a: Heatran\n|\n|-heal|p1a: Slowking|100\/100 brn|[from] Grassy Terrain\n|-fieldend|move: Grassy Terrain\n|-damage|p1a: Slowking|94\/100 brn|[from] brn\n|upkeep\n|\n|t:|1606883487\n|switch|p2a: Rillaboom|Rillaboom, F|82\/100\n|-damage|p2a: Rillaboom|69\/100|[from] Stealth Rock\n|-fieldstart|move: Grassy Terrain|[from] ability: Grassy Surge|[of] p2a: Rillaboom\n|turn|33\n|\n|t:|1606883494\n|move|p2a: Rillaboom|Wood Hammer|p1a: Slowking\n|-resisted|p1a: Slowking\n|-damage|p1a: Slowking|23\/100 brn\n|-damage|p2a: Rillaboom|45\/100|[from] Recoil\n|move|p1a: Slowking|Sludge Bomb|p2a: Rillaboom\n|-supereffective|p2a: Rillaboom\n|-damage|p2a: Rillaboom|0 fnt\n|faint|p2a: Rillaboom\n|\n|-heal|p1a: Slowking|29\/100 brn|[from] Grassy Terrain\n|-damage|p1a: Slowking|23\/100 brn|[from] brn\n|upkeep\n|-message|ThedebatableReaper forfeited.\n|\n|win|70to90gxe\n|l|\u2606ThedebatableReaper\n|raw|70to90gxe's rating: 2094 &rarr; <strong>2103<\/strong><br \/>(+9 for winning)\n|raw|ThedebatableReaper's rating: 1874 &rarr; <strong>1865<\/strong><br \/>(-9 for losing)\n","uploadtime":1606883524,"views":845,"p1id":"70to90gxe","p2id":"thedebatablereaper","formatid":"gen8ou","rating":1865,"private":0,"password":null}