{"id":"gen8ou-1431877316","p1":"Bisharp Forever","p2":"early_human","format":"gen8ou","log":"|j|\u2606Bisharp Forever\n|j|\u2606early_human\n|t:|1633728484\n|gametype|singles\n|player|p1|Bisharp Forever|liza|1612\n|player|p2|early_human|dancer|1610\n|teamsize|p1|6\n|teamsize|p2|6\n|gen|8\n|tier|[Gen 8] OU\n|rated|\n|rule|Sleep Clause Mod: Limit one foe put to sleep\n|rule|Species Clause: Limit one of each Pok\u00e9mon\n|rule|OHKO Clause: OHKO moves are banned\n|rule|Evasion Moves Clause: Evasion moves are banned\n|rule|Endless Battle Clause: Forcing endless battles is banned\n|rule|HP Percentage Mod: HP is shown in percentages\n|rule|Dynamax Clause: You cannot dynamax\n|clearpoke\n|poke|p1|Regirock|\n|poke|p1|Zapdos|\n|poke|p1|Golisopod, M|\n|poke|p1|Melmetal|\n|poke|p1|Blissey, F|\n|poke|p1|Dragonite, M|\n|poke|p2|Moltres-Galar|\n|poke|p2|Aegislash, M|\n|poke|p2|Buzzwole|\n|poke|p2|Latios, M|\n|poke|p2|Landorus-Therian, M|\n|poke|p2|Bisharp, M|\n|teampreview\n|\n|t:|1633728508\n|start\n|switch|p1a: Zapdos|Zapdos|100\/100\n|switch|p2a: Buzzwole|Buzzwole|100\/100\n|-ability|p1a: Zapdos|Pressure\n|turn|1\n|inactive|Battle timer is ON: inactive players will automatically lose when time's up. (requested by early_human)\n|\n|t:|1633728513\n|switch|p2a: Latios|Latios, M|100\/100\n|move|p1a: Zapdos|Thunderbolt|p2a: Latios\n|-resisted|p2a: Latios\n|-crit|p2a: Latios\n|-damage|p2a: Latios|71\/100\n|\n|upkeep\n|turn|2\n|\n|t:|1633728518\n|switch|p1a: Blissey|Blissey, F|100\/100\n|move|p2a: Latios|Future Sight|p1a: Blissey\n|-start|p2a: Latios|move: Future Sight\n|\n|upkeep\n|turn|3\n|\n|t:|1633728527\n|switch|p2a: Buzzwole|Buzzwole|100\/100\n|move|p1a: Blissey|Wish|p1a: Blissey\n|\n|upkeep\n|turn|4\n|\n|t:|1633728530\n|move|p1a: Blissey|Protect|p1a: Blissey\n|-singleturn|p1a: Blissey|Protect\n|move|p2a: Buzzwole|Close Combat|p1a: Blissey\n|-activate|p1a: Blissey|move: Protect\n|\n|-end|p1a: Blissey|move: Future Sight\n|-crit|p1a: Blissey\n|-damage|p1a: Blissey|63\/100\n|-heal|p1a: Blissey|100\/100|[from] move: Wish|[wisher] Blissey\n|upkeep\n|turn|5\n|\n|t:|1633728540\n|switch|p1a: Zapdos|Zapdos|100\/100\n|-ability|p1a: Zapdos|Pressure\n|move|p2a: Buzzwole|Close Combat|p1a: Zapdos\n|-resisted|p1a: Zapdos\n|-damage|p1a: Zapdos|65\/100\n|-unboost|p2a: Buzzwole|def|1\n|-unboost|p2a: Buzzwole|spd|1\n|\n|upkeep\n|turn|6\n|\n|t:|1633728547\n|switch|p2a: Latios|Latios, M|71\/100\n|move|p1a: Zapdos|U-turn|p2a: Latios\n|-supereffective|p2a: Latios\n|-damage|p2a: Latios|33\/100\n|\n|t:|1633728551\n|switch|p1a: Melmetal|Melmetal|100\/100|[from]move: U-turn\n|\n|upkeep\n|turn|7\n|\n|t:|1633728554\n|switch|p2a: Aegislash|Aegislash, M|100\/100\n|move|p1a: Melmetal|Double Iron Bash|p2a: Aegislash\n|-resisted|p2a: Aegislash\n|-damage|p2a: Aegislash|82\/100\n|-resisted|p2a: Aegislash\n|-damage|p2a: Aegislash|66\/100\n|-hitcount|p2a: Aegislash|2\n|\n|upkeep\n|turn|8\n|\n|t:|1633728558\n|-formechange|p2a: Aegislash|Aegislash-Blade||[from] ability: Stance Change\n|move|p2a: Aegislash|Shadow Ball|p1a: Melmetal\n|-damage|p1a: Melmetal|67\/100\n|move|p1a: Melmetal|Double Iron Bash|p2a: Aegislash\n|-resisted|p2a: Aegislash\n|-damage|p2a: Aegislash|29\/100\n|-resisted|p2a: Aegislash\n|-damage|p2a: Aegislash|0 fnt\n|faint|p2a: Aegislash\n|-hitcount|p2: Aegislash|2\n|\n|upkeep\n|\n|t:|1633728562\n|switch|p2a: Buzzwole|Buzzwole|100\/100\n|turn|9\n|\n|t:|1633728570\n|switch|p1a: Golisopod|Golisopod, M|100\/100\n|move|p2a: Buzzwole|Stone Edge|p1a: Golisopod|[miss]\n|-miss|p2a: Buzzwole|p1a: Golisopod\n|\n|upkeep\n|turn|10\n|\n|t:|1633728576\n|switch|p1a: Regirock|Regirock|100\/100\n|move|p2a: Buzzwole|Stone Edge|p1a: Regirock\n|-damage|p1a: Regirock|78\/100\n|\n|-heal|p1a: Regirock|84\/100|[from] item: Leftovers\n|upkeep\n|turn|11\n|\n|t:|1633728582\n|switch|p2a: Landorus|Landorus-Therian, M|100\/100\n|-ability|p2a: Landorus|Intimidate|boost\n|-unboost|p1a: Regirock|atk|1\n|move|p1a: Regirock|Stealth Rock|p2a: Landorus\n|-sidestart|p2: early_human|move: Stealth Rock\n|\n|-heal|p1a: Regirock|90\/100|[from] item: Leftovers\n|upkeep\n|turn|12\n|\n|t:|1633728589\n|move|p2a: Landorus|Stealth Rock|p1a: Regirock\n|-sidestart|p1: Bisharp Forever|move: Stealth Rock\n|move|p1a: Regirock|Toxic|p2a: Landorus\n|-status|p2a: Landorus|tox\n|\n|-heal|p1a: Regirock|96\/100|[from] item: Leftovers\n|-damage|p2a: Landorus|95\/100 tox|[from] psn\n|upkeep\n|turn|13\n|\n|t:|1633728594\n|move|p2a: Landorus|Earthquake|p1a: Regirock\n|-supereffective|p1a: Regirock\n|-damage|p1a: Regirock|50\/100\n|move|p1a: Regirock|Counter|p2a: Landorus\n|-damage|p2a: Landorus|0 fnt\n|faint|p2a: Landorus\n|\n|-heal|p1a: Regirock|56\/100|[from] item: Leftovers\n|upkeep\n|j| sfdgsdfafsfss\n|\n|t:|1633728598\n|switch|p2a: Buzzwole|Buzzwole|100\/100\n|-damage|p2a: Buzzwole|88\/100|[from] Stealth Rock\n|turn|14\n|\n|t:|1633728604\n|switch|p1a: Golisopod|Golisopod, M|100\/100\n|move|p2a: Buzzwole|Close Combat|p1a: Golisopod\n|-resisted|p1a: Golisopod\n|-damage|p1a: Golisopod|67\/100\n|-unboost|p2a: Buzzwole|def|1\n|-unboost|p2a: Buzzwole|spd|1\n|\n|upkeep\n|turn|15\n|\n|t:|1633728618\n|move|p2a: Buzzwole|Close Combat|p1a: Golisopod\n|-resisted|p1a: Golisopod\n|-damage|p1a: Golisopod|33\/100\n|-unboost|p2a: Buzzwole|def|1\n|-unboost|p2a: Buzzwole|spd|1\n|-activate|p1a: Golisopod|ability: Emergency Exit\n|\n|t:|1633728626\n|switch|p1a: Zapdos|Zapdos|65\/100\n|-ability|p1a: Zapdos|Pressure\n|\n|upkeep\n|turn|16\n|\n|t:|1633728629\n|switch|p2a: Bisharp|Bisharp, M|100\/100\n|-damage|p2a: Bisharp|94\/100|[from] Stealth Rock\n|move|p1a: Zapdos|Thunderbolt|p2a: Bisharp\n|-damage|p2a: Bisharp|61\/100\n|\n|upkeep\n|turn|17\n|\n|t:|1633728633\n|move|p1a: Zapdos|Thunderbolt|p2a: Bisharp\n|-damage|p2a: Bisharp|27\/100\n|move|p2a: Bisharp|Knock Off|p1a: Zapdos\n|-damage|p1a: Zapdos|24\/100\n|-enditem|p1a: Zapdos|Heavy-Duty Boots|[from] move: Knock Off|[of] p2a: Bisharp\n|\n|upkeep\n|turn|18\n|\n|t:|1633728639\n|switch|p2a: Latios|Latios, M|33\/100\n|-damage|p2a: Latios|20\/100|[from] Stealth Rock\n|move|p1a: Zapdos|Roost|p1a: Zapdos\n|-heal|p1a: Zapdos|74\/100\n|-singleturn|p1a: Zapdos|move: Roost\n|\n|upkeep\n|turn|19\n|\n|t:|1633728650\n|switch|p1a: Blissey|Blissey, F|100\/100\n|move|p2a: Latios|Future Sight|p1a: Blissey\n|-start|p2a: Latios|move: Future Sight\n|\n|upkeep\n|turn|20\n|\n|t:|1633728661\n|switch|p2a: Bisharp|Bisharp, M|27\/100\n|-damage|p2a: Bisharp|21\/100|[from] Stealth Rock\n|move|p1a: Blissey|Seismic Toss|p2a: Bisharp\n|-damage|p2a: Bisharp|0 fnt\n|faint|p2a: Bisharp\n|\n|upkeep\n|\n|t:|1633728663\n|switch|p2a: Buzzwole|Buzzwole|88\/100\n|-damage|p2a: Buzzwole|76\/100|[from] Stealth Rock\n|turn|21\n|\n|t:|1633728666\n|move|p1a: Blissey|Protect|p1a: Blissey\n|-singleturn|p1a: Blissey|Protect\n|move|p2a: Buzzwole|Leech Life|p1a: Blissey\n|-activate|p1a: Blissey|move: Protect\n|\n|-end|p1a: Blissey|move: Future Sight\n|-damage|p1a: Blissey|79\/100\n|upkeep\n|turn|22\n|\n|t:|1633728680\n|switch|p2a: Latios|Latios, M|20\/100\n|-damage|p2a: Latios|8\/100|[from] Stealth Rock\n|switch|p1a: Melmetal|Melmetal|67\/100\n|-damage|p1a: Melmetal|61\/100|[from] Stealth Rock\n|\n|upkeep\n|turn|23\n|\n|t:|1633728683\n|move|p2a: Latios|Mystical Fire|p1a: Melmetal\n|-supereffective|p1a: Melmetal\n|-damage|p1a: Melmetal|27\/100\n|-unboost|p1a: Melmetal|spa|1\n|move|p1a: Melmetal|Double Iron Bash|p2a: Latios\n|-damage|p2a: Latios|0 fnt\n|faint|p2a: Latios\n|-hitcount|p2: Latios|1\n|\n|upkeep\n|\n|t:|1633728695\n|switch|p2a: Moltres|Moltres-Galar|100\/100\n|turn|24\n|\n|t:|1633728699\n|move|p2a: Moltres|Fiery Wrath|p1a: Melmetal\n|-damage|p1a: Melmetal|0 fnt\n|faint|p1a: Melmetal\n|\n|upkeep\n|\n|t:|1633728704\n|switch|p1a: Blissey|Blissey, F|79\/100\n|turn|25\n|\n|t:|1633728707\n|switch|p2a: Buzzwole|Buzzwole|76\/100\n|-damage|p2a: Buzzwole|63\/100|[from] Stealth Rock\n|move|p1a: Blissey|Wish|p1a: Blissey\n|\n|upkeep\n|turn|26\n|\n|t:|1633728715\n|move|p1a: Blissey|Protect|p1a: Blissey\n|-singleturn|p1a: Blissey|Protect\n|move|p2a: Buzzwole|Stone Edge|p1a: Blissey\n|-activate|p1a: Blissey|move: Protect\n|\n|-heal|p1a: Blissey|100\/100|[from] move: Wish|[wisher] Blissey\n|upkeep\n|turn|27\n|\n|t:|1633728721\n|move|p2a: Buzzwole|Stone Edge|p1a: Blissey\n|-damage|p1a: Blissey|55\/100\n|move|p1a: Blissey|Wish|p1a: Blissey\n|\n|upkeep\n|turn|28\n|\n|t:|1633728726\n|switch|p2a: Moltres|Moltres-Galar|100\/100\n|switch|p1a: Regirock|Regirock|56\/100\n|-damage|p1a: Regirock|44\/100|[from] Stealth Rock\n|\n|-heal|p1a: Regirock|100\/100|[from] move: Wish|[wisher] Blissey\n|upkeep\n|turn|29\n|\n|t:|1633728728\n|switch|p2a: Buzzwole|Buzzwole|63\/100\n|-damage|p2a: Buzzwole|51\/100|[from] Stealth Rock\n|move|p1a: Regirock|Toxic|p2a: Buzzwole\n|-status|p2a: Buzzwole|tox\n|\n|-damage|p2a: Buzzwole|45\/100 tox|[from] psn\n|upkeep\n|turn|30\n|\n|t:|1633728734\n|move|p2a: Buzzwole|Close Combat|p1a: Regirock\n|-supereffective|p1a: Regirock\n|-damage|p1a: Regirock|22\/100\n|-unboost|p2a: Buzzwole|def|1\n|-unboost|p2a: Buzzwole|spd|1\n|move|p1a: Regirock|Counter|p2a: Buzzwole\n|-damage|p2a: Buzzwole|0 fnt\n|faint|p2a: Buzzwole\n|\n|-heal|p1a: Regirock|29\/100|[from] item: Leftovers\n|upkeep\n|\n|t:|1633728737\n|switch|p2a: Moltres|Moltres-Galar|100\/100\n|turn|31\n|\n|t:|1633728741\n|move|p2a: Moltres|Fiery Wrath|p1a: Regirock\n|-damage|p1a: Regirock|0 fnt\n|faint|p1a: Regirock\n|\n|upkeep\n|\n|t:|1633728747\n|switch|p1a: Dragonite|Dragonite, M|100\/100\n|turn|32\n|\n|t:|1633728750\n|move|p2a: Moltres|Agility|p2a: Moltres\n|-boost|p2a: Moltres|spe|2\n|move|p1a: Dragonite|Dragon Dance|p1a: Dragonite\n|-boost|p1a: Dragonite|atk|1\n|-boost|p1a: Dragonite|spe|1\n|\n|upkeep\n|turn|33\n|\n|t:|1633728754\n|move|p2a: Moltres|Nasty Plot|p2a: Moltres\n|-boost|p2a: Moltres|spa|2\n|move|p1a: Dragonite|Dragon Dance|p1a: Dragonite\n|-boost|p1a: Dragonite|atk|1\n|-boost|p1a: Dragonite|spe|1\n|\n|upkeep\n|turn|34\n|\n|t:|1633728756\n|move|p2a: Moltres|Agility|p2a: Moltres\n|-boost|p2a: Moltres|spe|2\n|move|p1a: Dragonite|Dragon Dance|p1a: Dragonite\n|-boost|p1a: Dragonite|atk|1\n|-boost|p1a: Dragonite|spe|1\n|\n|upkeep\n|turn|35\n|\n|t:|1633728761\n|move|p2a: Moltres|Fiery Wrath|p1a: Dragonite\n|-damage|p1a: Dragonite|55\/100\n|move|p1a: Dragonite|Ice Punch|p2a: Moltres\n|-supereffective|p2a: Moltres\n|-damage|p2a: Moltres|0 fnt\n|faint|p2a: Moltres\n|\n|win|Bisharp Forever\n|raw|Bisharp Forever's rating: 1612 &rarr; <strong>1632<\/strong><br \/>(+20 for winning)\n|raw|early_human's rating: 1610 &rarr; <strong>1590<\/strong><br \/>(-20 for losing)\n|l|\u2606early_human\n","uploadtime":1633728773,"views":31,"p1id":"bisharpforever","p2id":"earlyhuman","formatid":"gen8ou","rating":1590,"private":0,"password":null}