{"id":"gen8ou-1627596077","p1":"LT91BB crying","p2":"antarctozolt","format":"gen8ou","log":"|raw|<div class=\"broadcast-blue\"><strong>This battle is required to be public due to a player having a name starting with 'lt91bb'.<\/div>\n|j|\u2606LT91BB crying\n|j|\u2606antarctozolt\n|t:|1659069080\n|gametype|singles\n|player|p1|LT91BB crying|#dpppl2022luckylucarios|1795\n|player|p2|antarctozolt|skier|1921\n|teamsize|p1|6\n|teamsize|p2|6\n|gen|8\n|tier|[Gen 8] OU\n|rated|\n|rule|Sleep Clause Mod: Limit one foe put to sleep\n|rule|Species Clause: Limit one of each Pok\u00e9mon\n|rule|OHKO Clause: OHKO moves are banned\n|rule|Evasion Moves Clause: Evasion moves are banned\n|rule|Endless Battle Clause: Forcing endless battles is banned\n|rule|HP Percentage Mod: HP is shown in percentages\n|rule|Dynamax Clause: You cannot dynamax\n|clearpoke\n|poke|p1|Primarina, M|\n|poke|p1|Dragapult, M|\n|poke|p1|Toxtricity, M|\n|poke|p1|Hydreigon, M|\n|poke|p1|Ferrothorn, M|\n|poke|p1|Conkeldurr, M|\n|poke|p2|Hippowdon, M|\n|poke|p2|Zeraora|\n|poke|p2|Xatu, F|\n|poke|p2|Toxapex, F|\n|poke|p2|Corviknight, M|\n|poke|p2|Blissey, F|\n|teampreview\n|l|\u2606LT91BB crying\n|player|p1|\n|inactive|Battle timer is ON: inactive players will automatically lose when time's up. (requested by antarctozolt)\n|j|\u2606LT91BB crying\n|inactive|LT91BB crying reconnected and has 130 seconds left.\n|player|p1|LT91BB crying|#dpppl2022luckylucarios\n|inactive|LT91BB crying also wants the timer to be on.\n|inactive|LT91BB crying has 120 seconds left.\n|\n|t:|1659069136\n|start\n|switch|p1a: Imacry|Primarina, M|100\/100\n|switch|p2a: Zeraora|Zeraora, shiny|100\/100\n|turn|1\n|\n|t:|1659069140\n|switch|p1a: hug me|Ferrothorn, M|100\/100\n|move|p2a: Zeraora|Knock Off|p1a: hug me\n|-damage|p1a: hug me|73\/100\n|-damage|p2a: Zeraora|88\/100|[from] ability: Iron Barbs|[of] p1a: hug me\n|-enditem|p1a: hug me|Leftovers|[from] move: Knock Off|[of] p2a: Zeraora\n|\n|-heal|p2a: Zeraora|94\/100|[from] item: Leftovers\n|upkeep\n|turn|2\n|j| LT91BB black\n|j| dem clounst\n|\n|t:|1659069143\n|move|p2a: Zeraora|Blaze Kick|p1a: hug me\n|-supereffective|p1a: hug me\n|-damage|p1a: hug me|0 fnt\n|-damage|p2a: Zeraora|82\/100|[from] ability: Iron Barbs|[of] p1a: hug me\n|faint|p1a: hug me\n|\n|-heal|p2a: Zeraora|88\/100|[from] item: Leftovers\n|upkeep\n|\n|t:|1659069147\n|switch|p1a: big fat dude|Conkeldurr, M|100\/100\n|turn|3\n|l| dem clounst\n|j| pop smoke\n|\n|t:|1659069171\n|switch|p2a: Corviknight|Corviknight, M, shiny|100\/100\n|-ability|p2a: Corviknight|Pressure\n|move|p1a: big fat dude|Knock Off|p2a: Corviknight\n|-damage|p2a: Corviknight|77\/100\n|-enditem|p2a: Corviknight|Leftovers|[from] move: Knock Off|[of] p1a: big fat dude\n|\n|-status|p1a: big fat dude|brn|[from] item: Flame Orb\n|upkeep\n|turn|4\n|j| LT91BBTheTHICCman\n|j| LT91BB skyfans\n|j| BrothaOptions\n|\n|t:|1659069176\n|move|p1a: big fat dude|Drain Punch|p2a: Corviknight\n|-damage|p2a: Corviknight|32\/100\n|move|p2a: Corviknight|Brave Bird|p1a: big fat dude\n|-supereffective|p1a: big fat dude\n|-damage|p1a: big fat dude|25\/100 brn\n|-damage|p2a: Corviknight|10\/100|[from] Recoil\n|\n|-damage|p1a: big fat dude|19\/100 brn|[from] brn\n|upkeep\n|turn|5\n|\n|t:|1659069180\n|switch|p2a: Toxapex|Toxapex, F, shiny|100\/100\n|move|p1a: big fat dude|Drain Punch|p2a: Toxapex\n|-resisted|p2a: Toxapex\n|-damage|p2a: Toxapex|80\/100\n|-heal|p1a: big fat dude|28\/100 brn|[from] drain|[of] p2a: Toxapex\n|\n|-damage|p1a: big fat dude|22\/100 brn|[from] brn\n|upkeep\n|turn|6\n|\n|t:|1659069183\n|move|p1a: big fat dude|Facade|p2a: Toxapex\n|-damage|p2a: Toxapex|29\/100\n|move|p2a: Toxapex|Recover|p2a: Toxapex\n|-heal|p2a: Toxapex|79\/100\n|\n|-damage|p1a: big fat dude|15\/100 brn|[from] brn\n|upkeep\n|turn|7\n|\n|t:|1659069187\n|move|p1a: big fat dude|Facade|p2a: Toxapex\n|-damage|p2a: Toxapex|27\/100\n|move|p2a: Toxapex|Recover|p2a: Toxapex\n|-heal|p2a: Toxapex|77\/100\n|\n|-damage|p1a: big fat dude|9\/100 brn|[from] brn\n|upkeep\n|turn|8\n|l| LT91BBTheTHICCman\n|\n|t:|1659069189\n|move|p1a: big fat dude|Knock Off|p2a: Toxapex\n|-damage|p2a: Toxapex|42\/100\n|-enditem|p2a: Toxapex|Shed Shell|[from] move: Knock Off|[of] p1a: big fat dude\n|move|p2a: Toxapex|Scald|p1a: big fat dude\n|-damage|p1a: big fat dude|0 fnt\n|faint|p1a: big fat dude\n|\n|upkeep\n|j| LordDarkSkin\n|j| little neverland\n|j| fgvb\n|\n|t:|1659069203\n|switch|p1a: Imacry|Primarina, M|100\/100\n|turn|9\n|\n|t:|1659069209\n|switch|p2a: Blissey|Blissey, F, shiny|100\/100\n|move|p1a: Imacry|Substitute|p1a: Imacry\n|-start|p1a: Imacry|Substitute\n|-damage|p1a: Imacry|75\/100\n|\n|-heal|p1a: Imacry|82\/100|[from] item: Leftovers\n|upkeep\n|turn|10\n|l| fgvb\n|j| fgvb\n|\n|t:|1659069221\n|switch|p2a: Toxapex|Toxapex, F, shiny|75\/100\n|move|p1a: Imacry|Calm Mind|p1a: Imacry\n|-boost|p1a: Imacry|spa|1\n|-boost|p1a: Imacry|spd|1\n|\n|-heal|p1a: Imacry|88\/100|[from] item: Leftovers\n|upkeep\n|turn|11\n|j| heythatsgood\n|j| LT91BB Egerie\n|l| fgvb\n|\n|t:|1659069225\n|move|p1a: Imacry|Calm Mind|p1a: Imacry\n|-boost|p1a: Imacry|spa|1\n|-boost|p1a: Imacry|spd|1\n|move|p2a: Toxapex|Light Screen|p2a: Toxapex\n|-sidestart|p2: antarctozolt|move: Light Screen\n|\n|-heal|p1a: Imacry|94\/100|[from] item: Leftovers\n|upkeep\n|turn|12\n|j| lt91bb ez\n|\n|t:|1659069227\n|move|p1a: Imacry|Calm Mind|p1a: Imacry\n|-boost|p1a: Imacry|spa|1\n|-boost|p1a: Imacry|spd|1\n|move|p2a: Toxapex|Haze|p2a: Toxapex\n|-clearallboost\n|\n|-heal|p1a: Imacry|99\/100|[from] item: Leftovers\n|upkeep\n|turn|13\n|j| LT91BB Tace\n|j| wokhxrt\n|\n|t:|1659069233\n|move|p1a: Imacry|Calm Mind|p1a: Imacry\n|-boost|p1a: Imacry|spa|1\n|-boost|p1a: Imacry|spd|1\n|move|p2a: Toxapex|Recover|p2a: Toxapex\n|-heal|p2a: Toxapex|100\/100\n|\n|-heal|p1a: Imacry|100\/100|[from] item: Leftovers\n|upkeep\n|turn|14\n|\n|t:|1659069235\n|move|p1a: Imacry|Calm Mind|p1a: Imacry\n|-boost|p1a: Imacry|spa|1\n|-boost|p1a: Imacry|spd|1\n|move|p2a: Toxapex|Haze|p2a: Toxapex\n|-clearallboost\n|\n|upkeep\n|turn|15\n|j| wtf kek\n|\n|t:|1659069241\n|switch|p1a: Serpentine|Dragapult, M|100\/100\n|move|p2a: Toxapex|Haze|p2a: Toxapex\n|-clearallboost\n|\n|-sideend|p2: antarctozolt|move: Light Screen\n|upkeep\n|turn|16\n|\n|t:|1659069245\n|move|p1a: Serpentine|Thunder Wave|p2a: Toxapex\n|-status|p2a: Toxapex|par\n|move|p2a: Toxapex|Scald|p1a: Serpentine\n|-resisted|p1a: Serpentine\n|-damage|p1a: Serpentine|88\/100\n|-status|p1a: Serpentine|brn\n|\n|-heal|p1a: Serpentine|94\/100 brn|[from] item: Leftovers\n|-damage|p1a: Serpentine|88\/100 brn|[from] brn\n|upkeep\n|turn|17\n|\n|t:|1659069249\n|switch|p1a: Imacry|Primarina, M|100\/100\n|switch|p2a: Hippowdon|Hippowdon, M, shiny|100\/100\n|-weather|Sandstorm|[from] ability: Sand Stream|[of] p2a: Hippowdon\n|\n|-weather|Sandstorm|[upkeep]\n|-damage|p1a: Imacry|94\/100|[from] Sandstorm\n|-heal|p1a: Imacry|100\/100|[from] item: Leftovers\n|upkeep\n|turn|18\n|j| confusien\n|\n|t:|1659069254\n|switch|p2a: Toxapex|Toxapex, F, shiny|100\/100 par\n|move|p1a: Imacry|Substitute|p1a: Imacry\n|-start|p1a: Imacry|Substitute\n|-damage|p1a: Imacry|75\/100\n|\n|-weather|Sandstorm|[upkeep]\n|-damage|p1a: Imacry|69\/100|[from] Sandstorm\n|-damage|p2a: Toxapex|94\/100 par|[from] Sandstorm\n|-heal|p1a: Imacry|75\/100|[from] item: Leftovers\n|upkeep\n|turn|19\n|\n|t:|1659069256\n|move|p1a: Imacry|Calm Mind|p1a: Imacry\n|-boost|p1a: Imacry|spa|1\n|-boost|p1a: Imacry|spd|1\n|cant|p2a: Toxapex|par\n|\n|-weather|Sandstorm|[upkeep]\n|-damage|p1a: Imacry|69\/100|[from] Sandstorm\n|-damage|p2a: Toxapex|88\/100 par|[from] Sandstorm\n|-heal|p1a: Imacry|75\/100|[from] item: Leftovers\n|upkeep\n|turn|20\n|\n|t:|1659069259\n|move|p1a: Imacry|Calm Mind|p1a: Imacry\n|-boost|p1a: Imacry|spa|1\n|-boost|p1a: Imacry|spd|1\n|cant|p2a: Toxapex|par\n|\n|-weather|Sandstorm|[upkeep]\n|-damage|p1a: Imacry|69\/100|[from] Sandstorm\n|-damage|p2a: Toxapex|82\/100 par|[from] Sandstorm\n|-heal|p1a: Imacry|75\/100|[from] item: Leftovers\n|upkeep\n|turn|21\n|j| saki X toki\n|inactive|LT91BB crying has 120 seconds left.\n|j|+Rencube (>\u25e1<)\n|inactive|LT91BB crying has 90 seconds left.\n|\n|t:|1659069336\n|move|p1a: Imacry|Stored Power|p2a: Toxapex\n|-supereffective|p2a: Toxapex\n|-damage|p2a: Toxapex|0 fnt\n|faint|p2a: Toxapex\n|\n|-weather|none\n|-heal|p1a: Imacry|82\/100|[from] item: Leftovers\n|upkeep\n|j| LT91BB PDC\n|\n|t:|1659069348\n|switch|p2a: Xatu|Xatu, F, shiny|100\/100\n|turn|22\n|\n|t:|1659069351\n|move|p2a: Xatu|Haze|p2a: Xatu\n|-clearallboost\n|move|p1a: Imacry|Draining Kiss|p2a: Xatu\n|-damage|p2a: Xatu|82\/100\n|-heal|p1a: Imacry|94\/100|[from] drain|[of] p2a: Xatu\n|\n|-heal|p2a: Xatu|88\/100|[from] item: Leftovers\n|-heal|p1a: Imacry|99\/100|[from] item: Leftovers\n|upkeep\n|turn|23\n|\n|t:|1659069359\n|move|p2a: Xatu|Night Shade|p1a: Imacry\n|-end|p1a: Imacry|Substitute\n|move|p1a: Imacry|Calm Mind|p1a: Imacry\n|-boost|p1a: Imacry|spa|1\n|-boost|p1a: Imacry|spd|1\n|\n|-heal|p2a: Xatu|94\/100|[from] item: Leftovers\n|-heal|p1a: Imacry|100\/100|[from] item: Leftovers\n|upkeep\n|turn|24\n|\n|t:|1659069362\n|switch|p1a: <3|Toxtricity, M|100\/100\n|move|p2a: Xatu|Haze|p2a: Xatu\n|-clearallboost\n|\n|-heal|p2a: Xatu|99\/100|[from] item: Leftovers\n|upkeep\n|turn|25\n|\n|t:|1659069367\n|switch|p2a: Blissey|Blissey, F, shiny|100\/100\n|move|p1a: <3|Boomburst|p2a: Blissey\n|-crit|p2a: Blissey\n|-damage|p2a: Blissey|67\/100\n|-enditem|p1a: <3|Throat Spray\n|-boost|p1a: <3|spa|1|[from] item: Throat Spray\n|\n|upkeep\n|turn|26\n|\n|t:|1659069372\n|switch|p2a: Hippowdon|Hippowdon, M, shiny|100\/100\n|-weather|Sandstorm|[from] ability: Sand Stream|[of] p2a: Hippowdon\n|move|p1a: <3|Boomburst|p2a: Hippowdon\n|-damage|p2a: Hippowdon|4\/100\n|\n|-weather|Sandstorm|[upkeep]\n|-damage|p1a: <3|94\/100|[from] Sandstorm\n|-heal|p2a: Hippowdon|10\/100|[from] item: Leftovers\n|upkeep\n|turn|27\n|c|\u2606antarctozolt|fuck is this cteam\n|-message|antarctozolt forfeited.\n|\n|win|LT91BB crying\n|raw|LT91BB crying's rating: 1795 &rarr; <strong>1822<\/strong><br \/>(+27 for winning)\n|raw|antarctozolt's rating: 1921 &rarr; <strong>1894<\/strong><br \/>(-27 for losing)\n|l|\u2606antarctozolt\n","uploadtime":1659069384,"views":150,"p1id":"lt91bbcrying","p2id":"antarctozolt","formatid":"gen8ou","rating":1822,"private":0,"password":null}