{"id":"gen8ou-1282770968","p1":"Chickpiee","p2":"PKM Champion Blue","format":"gen8ou","log":"|j|\u2606Chickpiee\n|j|\u203dPKM Champion Blue\n|t:|1613365948\n|player|p1|Chickpiee|caitlin|\n|player|p2|PKM Champion Blue|blue-gen7|\n|teamsize|p1|6\n|teamsize|p2|6\n|gametype|singles\n|gen|8\n|tier|[Gen 8] OU\n|rated|Tournament battle\n|clearpoke\n|poke|p1|Regieleki|\n|poke|p1|Regice|\n|poke|p1|Registeel|\n|poke|p1|Regirock|\n|poke|p1|Regidrago|\n|poke|p1|Regigigas|\n|poke|p2|Aegislash, M|\n|poke|p2|Tapu Fini|\n|poke|p2|Nidoking, M|\n|poke|p2|Persian-Alola, F|\n|poke|p2|Zapdos|\n|poke|p2|Garchomp, F|\n|rule|Sleep Clause Mod: Limit one foe put to sleep\n|rule|Species Clause: Limit one of each Pok\u00e9mon\n|rule|OHKO Clause: OHKO moves are banned\n|rule|Evasion Moves Clause: Evasion moves are banned\n|rule|Endless Battle Clause: Forcing endless battles is banned\n|rule|HP Percentage Mod: HP is shown in percentages\n|rule|Dynamax Clause: You cannot dynamax\n|teampreview\n|j|*Lady Monita\n|inactive|Battle timer is ON: inactive players will automatically lose when time's up. (requested by PKM Champion Blue)\n|j| 2v2LMK Robb_\n|j| YippieDreepy\n|j| simplee<3\n|j| leoAF\n|j| tioy\n|j| KingPanTheMan\n|c| YippieDreepy|MONO regI\n|j| doc1203\n|c|\u2606Chickpiee|Hf\n|l| tioy\n|c| YippieDreepy|oh yh\n|l| doc1203\n|j| Eeveekid10\n|inactive|Chickpiee has 120 seconds left.\n|j| Big Fighta'\n|c| Eeveekid10|Glhf!\n|j| Mastermind 31\n|l| Mastermind 31\n|j| Vitoran \u2642\n|inactive|Chickpiee has 90 seconds left.\n|j| FatFighter2\n|j| Ghgghhgg\n|\n|t:|1613366020\n|start\n|switch|p1a: Regice|Regice|100\/100\n|switch|p2a: Nidoking|Nidoking, M|100\/100\n|turn|1\n|l| FatFighter2\n|c| 2v2LMK Robb_|mono regi dayummmmmmmmmm\n|\n|t:|1613366035\n|switch|p2a: Tapu Fini|Tapu Fini|100\/100\n|-fieldstart|move: Misty Terrain|[from] ability: Misty Surge|[of] p2a: Tapu Fini\n|move|p1a: Regice|Thunderbolt|p2a: Tapu Fini\n|-supereffective|p2a: Tapu Fini\n|-damage|p2a: Tapu Fini|58\/100\n|\n|-heal|p2a: Tapu Fini|64\/100|[from] item: Leftovers\n|upkeep\n|turn|2\n|j| Thegamingattack3\n|j| Photon Wizard\n|\n|t:|1613366051\n|move|p2a: Tapu Fini|Calm Mind|p2a: Tapu Fini\n|-boost|p2a: Tapu Fini|spa|1\n|-boost|p2a: Tapu Fini|spd|1\n|move|p1a: Regice|Thunderbolt|p2a: Tapu Fini\n|-supereffective|p2a: Tapu Fini\n|-damage|p2a: Tapu Fini|34\/100\n|\n|-heal|p2a: Tapu Fini|40\/100|[from] item: Leftovers\n|upkeep\n|turn|3\n|j| dankkonata\n|j| sceptirl\n|\n|t:|1613366057\n|switch|p1a: Registeel|Registeel|100\/100\n|move|p2a: Tapu Fini|Draining Kiss|p1a: Registeel\n|-resisted|p1a: Registeel\n|-damage|p1a: Registeel|92\/100\n|-heal|p2a: Tapu Fini|47\/100|[from] drain|[of] p1a: Registeel\n|\n|-heal|p2a: Tapu Fini|53\/100|[from] item: Leftovers\n|upkeep\n|turn|4\n|j| Unti 9\n|\n|t:|1613366064\n|move|p2a: Tapu Fini|Taunt|p1a: Registeel\n|-start|p1a: Registeel|move: Taunt\n|move|p1a: Registeel|Heavy Slam|p2a: Tapu Fini\n|-damage|p2a: Tapu Fini|30\/100\n|\n|-heal|p2a: Tapu Fini|36\/100|[from] item: Leftovers\n|upkeep\n|turn|5\n|\n|t:|1613366073\n|switch|p2a: Aegislash|Aegislash, M, shiny|100\/100\n|move|p1a: Registeel|Heavy Slam|p2a: Aegislash\n|-resisted|p2a: Aegislash\n|-damage|p2a: Aegislash|91\/100\n|\n|-fieldend|Misty Terrain\n|upkeep\n|turn|6\n|j| Ruthlesssceptile6\n|\n|t:|1613366083\n|switch|p1a: The goat|Regigigas|100\/100\n|-start|p1a: The goat|ability: Slow Start\n|-formechange|p2a: Aegislash|Aegislash-Blade||[from] ability: Stance Change\n|move|p2a: Aegislash|Close Combat|p1a: The goat\n|-supereffective|p1a: The goat\n|-damage|p1a: The goat|48\/100\n|-unboost|p2a: Aegislash|def|1\n|-unboost|p2a: Aegislash|spd|1\n|\n|-heal|p1a: The goat|54\/100|[from] item: Leftovers\n|upkeep\n|turn|7\n|\n|t:|1613366098\n|switch|p2a: Zapdos|Zapdos|100\/100\n|move|p1a: The goat|Knock Off|p2a: Zapdos\n|-damage|p2a: Zapdos|89\/100\n|-enditem|p2a: Zapdos|Heavy-Duty Boots|[from] move: Knock Off|[of] p1a: The goat\n|\n|-heal|p1a: The goat|60\/100|[from] item: Leftovers\n|upkeep\n|turn|8\n|\n|t:|1613366108\n|move|p2a: Zapdos|Volt Switch|p1a: The goat\n|-damage|p1a: The goat|45\/100\n|\n|t:|1613366121\n|switch|p2a: Aegislash|Aegislash, M, shiny|91\/100|[from]move: Volt Switch\n|move|p1a: The goat|Body Slam|p2a: Aegislash\n|-immune|p2a: Aegislash\n|\n|-heal|p1a: The goat|51\/100|[from] item: Leftovers\n|upkeep\n|turn|9\n|\n|t:|1613366136\n|-end|p1a: The goat|Slow Start|[silent]\n|switch|p1a: Regirock|Regirock|100\/100\n|-formechange|p2a: Aegislash|Aegislash-Blade||[from] ability: Stance Change\n|move|p2a: Aegislash|Close Combat|p1a: Regirock\n|-supereffective|p1a: Regirock\n|-damage|p1a: Regirock|67\/100\n|-unboost|p2a: Aegislash|def|1\n|-unboost|p2a: Aegislash|spd|1\n|\n|upkeep\n|turn|10\n|\n|t:|1613366146\n|switch|p2a: Garchomp|Garchomp, F, shiny|100\/100\n|move|p1a: Regirock|Rest|p1a: Regirock\n|-status|p1a: Regirock|slp|[from] move: Rest\n|-heal|p1a: Regirock|100\/100 slp|[silent]\n|-enditem|p1a: Regirock|Chesto Berry|[eat]\n|-curestatus|p1a: Regirock|slp|[msg]\n|\n|upkeep\n|turn|11\n|c| YippieDreepy|so bulky\n|l| Ruthlesssceptile6\n|\n|t:|1613366163\n|move|p2a: Garchomp|Swords Dance|p2a: Garchomp\n|-boost|p2a: Garchomp|atk|2\n|move|p1a: Regirock|Curse|p1a: Regirock\n|-unboost|p1a: Regirock|spe|1\n|-boost|p1a: Regirock|atk|1\n|-boost|p1a: Regirock|def|1\n|\n|upkeep\n|turn|12\n|j| AGCL6 Swas\n|\n|t:|1613366171\n|move|p2a: Garchomp|Earthquake|p1a: Regirock\n|-supereffective|p1a: Regirock\n|-damage|p1a: Regirock|40\/100\n|move|p1a: Regirock|Curse|p1a: Regirock\n|-unboost|p1a: Regirock|spe|1\n|-boost|p1a: Regirock|atk|1\n|-boost|p1a: Regirock|def|1\n|\n|upkeep\n|turn|13\n|\n|t:|1613366176\n|move|p2a: Garchomp|Earthquake|p1a: Regirock\n|-supereffective|p1a: Regirock\n|-damage|p1a: Regirock|0 fnt\n|faint|p1a: Regirock\n|\n|upkeep\n|j| Ruthlesssceptile6\n|\n|t:|1613366180\n|switch|p1a: Regieleki|Regieleki|100\/100\n|turn|14\n|\n|t:|1613366185\n|switch|p2a: Aegislash|Aegislash, M, shiny|91\/100\n|move|p1a: Regieleki|Reflect|p1a: Regieleki\n|-sidestart|p1: Chickpiee|Reflect\n|\n|upkeep\n|turn|15\n|\n|t:|1613366190\n|move|p1a: Regieleki|Light Screen|p1a: Regieleki\n|-sidestart|p1: Chickpiee|move: Light Screen\n|-formechange|p2a: Aegislash|Aegislash-Blade||[from] ability: Stance Change\n|move|p2a: Aegislash|Shadow Ball|p1a: Regieleki\n|-damage|p1a: Regieleki|56\/100\n|\n|upkeep\n|turn|16\n|\n|t:|1613366198\n|switch|p1a: Regice|Regice|100\/100\n|switch|p2a: Garchomp|Garchomp, F, shiny|100\/100\n|\n|upkeep\n|turn|17\n|\n|t:|1613366205\n|switch|p2a: Tapu Fini|Tapu Fini|36\/100\n|-fieldstart|move: Misty Terrain|[from] ability: Misty Surge|[of] p2a: Tapu Fini\n|move|p1a: Regice|Thunderbolt|p2a: Tapu Fini\n|-supereffective|p2a: Tapu Fini\n|-damage|p2a: Tapu Fini|0 fnt\n|faint|p2a: Tapu Fini\n|\n|upkeep\n|l| simplee<3\n|\n|t:|1613366211\n|switch|p2a: Zapdos|Zapdos|89\/100\n|turn|18\n|c| YippieDreepy|can you believe this team\n|c| YippieDreepy|XD\n|\n|t:|1613366215\n|move|p2a: Zapdos|Defog||[still]\n|-fail|p1a: Regice|unboost|[from] ability: Clear Body|[of] p1a: Regice\n|-sideend|p1: Chickpiee|Reflect\n|-sideend|p1: Chickpiee|move: Light Screen\n|-fieldend|Misty Terrain\n|-fail|p2a: Zapdos\n|move|p1a: Regice|Rock Polish|p1a: Regice\n|-boost|p1a: Regice|spe|2\n|\n|upkeep\n|turn|19\n|c| AGCL6 Swas|lol\n|\n|t:|1613366223\n|move|p1a: Regice|Ice Beam|p2a: Zapdos\n|-supereffective|p2a: Zapdos\n|-damage|p2a: Zapdos|1\/100\n|move|p2a: Zapdos|Volt Switch|p1a: Regice\n|-damage|p1a: Regice|81\/100\n|\n|t:|1613366230\n|switch|p2a: Aegislash|Aegislash, M, shiny|91\/100|[from]move: Volt Switch\n|\n|upkeep\n|turn|20\n|\n|t:|1613366238\n|switch|p1a: Registeel|Registeel|92\/100\n|-formechange|p2a: Aegislash|Aegislash-Blade||[from] ability: Stance Change\n|move|p2a: Aegislash|Close Combat|p1a: Registeel\n|-supereffective|p1a: Registeel\n|-enditem|p1a: Registeel|Chople Berry|[eat]\n|-enditem|p1a: Registeel|Chople Berry|[weaken]\n|-damage|p1a: Registeel|74\/100\n|-unboost|p2a: Aegislash|def|1\n|-unboost|p2a: Aegislash|spd|1\n|\n|upkeep\n|turn|21\n|c| YippieDreepy|complete pog tem\n|c| YippieDreepy|*team\n|j| MyNameIsBacon9\n|\n|t:|1613366247\n|switch|p2a: Nidoking|Nidoking, M|100\/100\n|move|p1a: Registeel|Heavy Slam|p2a: Nidoking\n|-damage|p2a: Nidoking|71\/100\n|\n|upkeep\n|turn|22\n|\n|t:|1613366252\n|move|p2a: Nidoking|Earth Power|p1a: Registeel\n|-supereffective|p1a: Registeel\n|-damage|p1a: Registeel|0 fnt\n|faint|p1a: Registeel\n|\n|upkeep\n|\n|t:|1613366257\n|switch|p1a: Regice|Regice|81\/100\n|turn|23\n|\n|t:|1613366263\n|switch|p2a: Aegislash|Aegislash, M, shiny|91\/100\n|move|p1a: Regice|Ice Beam|p2a: Aegislash\n|-resisted|p2a: Aegislash\n|-damage|p2a: Aegislash|69\/100\n|\n|upkeep\n|turn|24\n|c| MyNameIsBacon9|Regis epic\n|\n|t:|1613366273\n|switch|p1a: The goat|Regigigas|51\/100\n|-start|p1a: The goat|ability: Slow Start\n|-formechange|p2a: Aegislash|Aegislash-Blade||[from] ability: Stance Change\n|move|p2a: Aegislash|Close Combat|p1a: The goat\n|-supereffective|p1a: The goat\n|-damage|p1a: The goat|0 fnt\n|-unboost|p2a: Aegislash|def|1\n|-unboost|p2a: Aegislash|spd|1\n|faint|p1a: The goat\n|-end|p1a: The goat|Slow Start|[silent]\n|\n|upkeep\n|j| ELECTRON1914\n|\n|t:|1613366275\n|switch|p1a: Regieleki|Regieleki|56\/100\n|turn|25\n|c| ELECTRON1914|is this the finals?\n|\n|t:|1613366286\n|switch|p2a: Nidoking|Nidoking, M|71\/100\n|move|p1a: Regieleki|Light Screen|p1a: Regieleki\n|-sidestart|p1: Chickpiee|move: Light Screen\n|\n|upkeep\n|turn|26\n|\n|t:|1613366291\n|switch|p2a: Garchomp|Garchomp, F, shiny|100\/100\n|move|p1a: Regieleki|Reflect|p1a: Regieleki\n|-sidestart|p1: Chickpiee|Reflect\n|\n|upkeep\n|turn|27\n|l| Ruthlesssceptile6\n|\n|t:|1613366295\n|switch|p1a: Regice|Regice|81\/100\n|move|p2a: Garchomp|Swords Dance|p2a: Garchomp\n|-boost|p2a: Garchomp|atk|2\n|\n|upkeep\n|turn|28\n|\n|t:|1613366299\n|move|p2a: Garchomp|Earthquake|p1a: Regice\n|-damage|p1a: Regice|21\/100\n|move|p1a: Regice|Ice Beam|p2a: Garchomp\n|-supereffective|p2a: Garchomp\n|-damage|p2a: Garchomp|0 fnt\n|faint|p2a: Garchomp\n|\n|upkeep\n|\n|t:|1613366305\n|switch|p2a: Aegislash|Aegislash, M, shiny|69\/100\n|turn|29\n|\n|t:|1613366311\n|move|p1a: Regice|Thunderbolt|p2a: Aegislash\n|-damage|p2a: Aegislash|39\/100\n|-formechange|p2a: Aegislash|Aegislash-Blade||[from] ability: Stance Change\n|move|p2a: Aegislash|Close Combat|p1a: Regice\n|-supereffective|p1a: Regice\n|-damage|p1a: Regice|0 fnt\n|-unboost|p2a: Aegislash|def|1\n|-unboost|p2a: Aegislash|spd|1\n|faint|p1a: Regice\n|\n|upkeep\n|\n|t:|1613366315\n|switch|p1a: Regidrago|Regidrago|100\/100\n|turn|30\n|\n|t:|1613366319\n|switch|p2a: Zapdos|Zapdos|1\/100\n|move|p1a: Regidrago|Dragon Dance|p1a: Regidrago\n|-boost|p1a: Regidrago|atk|1\n|-boost|p1a: Regidrago|spe|1\n|\n|upkeep\n|turn|31\n|c| sceptirl|aegislash is the best\n|\n|t:|1613366333\n|move|p1a: Regidrago|Dragon Dance|p1a: Regidrago\n|-boost|p1a: Regidrago|atk|1\n|-boost|p1a: Regidrago|spe|1\n|move|p2a: Zapdos|Defog|p1a: Regidrago\n|-unboost|p1a: Regidrago|evasion|1\n|-sideend|p1: Chickpiee|Reflect\n|-sideend|p1: Chickpiee|move: Light Screen\n|\n|upkeep\n|turn|32\n|\n|t:|1613366337\n|move|p1a: Regidrago|Dragon Claw|p2a: Zapdos\n|-damage|p2a: Zapdos|0 fnt\n|-status|p1a: Regidrago|par|[from] ability: Static|[of] p2a: Zapdos\n|-damage|p1a: Regidrago|91\/100 par|[from] item: Life Orb\n|faint|p2a: Zapdos\n|\n|upkeep\n|\n|t:|1613366340\n|switch|p2a: Persian|Persian-Alola, F|100\/100\n|turn|33\n|c|\u2606Chickpiee|Ah\n|c| Vitoran \u2642|rip\n|c|\u2606Chickpiee|I won\n|c| Eeveekid10|Rip\n|\n|t:|1613366357\n|move|p2a: Persian|Foul Play|p1a: Regidrago\n|-damage|p1a: Regidrago|0 fnt\n|faint|p1a: Regidrago\n|\n|upkeep\n|c| YippieDreepy|Masterpiece\n|c|\u2606Chickpiee|Sigh\n|l| MyNameIsBacon9\n|c| Eeveekid10|Absolute rip\n|c|\u2606Chickpiee|gg\n|\n|t:|1613366366\n|switch|p1a: Regieleki|Regieleki|56\/100\n|turn|34\n|\n|t:|1613366370\n|switch|p2a: Aegislash|Aegislash, M, shiny|39\/100\n|move|p1a: Regieleki|Volt Switch|p2a: Aegislash\n|-damage|p2a: Aegislash|3\/100\n|\n|upkeep\n|turn|35\n|\n|t:|1613366376\n|-formechange|p2a: Aegislash|Aegislash-Blade||[from] ability: Stance Change\n|move|p2a: Aegislash|Shadow Sneak|p1a: Regieleki\n|-damage|p1a: Regieleki|17\/100\n|move|p1a: Regieleki|Volt Switch|p2a: Aegislash\n|-damage|p2a: Aegislash|0 fnt\n|faint|p2a: Aegislash\n|\n|upkeep\n|\n|t:|1613366378\n|switch|p2a: Nidoking|Nidoking, M|71\/100\n|turn|36\n|\n|t:|1613366382\n|move|p1a: Regieleki|Rapid Spin|p2a: Nidoking\n|-damage|p2a: Nidoking|56\/100\n|-boost|p1a: Regieleki|spe|1\n|move|p2a: Nidoking|Sludge Wave|p1a: Regieleki\n|-damage|p1a: Regieleki|0 fnt\n|faint|p1a: Regieleki\n|\n|win|PKM Champion Blue\n|n|\u2606Chickpiee|chickpiee\n|n|\u203dPKM Champion Blue|pkmchampionblue\n|n|*Lady Monita|ladymonita\n|n| 2v2LMK Robb_|2v2lmkrobb\n|n| YippieDreepy|yippiedreepy\n|n| leoAF|leoaf\n|n| KingPanTheMan|kingpantheman\n|n| Eeveekid10|eeveekid10\n|n| Big Fighta'|bigfighta\n|n| Vitoran \u2642|vitoran\n|n| Ghgghhgg|ghgghhgg\n|n| Thegamingattack3|thegamingattack3\n|n| Photon Wizard|photonwizard\n|n| dankkonata|dankkonata\n|n| sceptirl|sceptirl\n|n| Unti 9|unti9\n|n| AGCL6 Swas|agcl6swas\n|n| ELECTRON1914|electron1914\n|l|*Lady Monita\n|l|\u2606Chickpiee\n|l| YippieDreepy\n|l|\u203dPKM Champion Blue\n|l| Photon Wizard\n|l| 2v2LMK Robb_\n|l| Thegamingattack3\n|l| sceptirl\n|l| leoAF\n|l| KingPanTheMan\n|l| Vitoran \u2642\n|j|\u2606Chickpiee\n|player|p1|Chickpiee|caitlin\n","uploadtime":1613366383,"views":243,"p1id":"chickpiee","p2id":"pkmchampionblue","formatid":"gen8ou","rating":0,"private":0,"password":null}