{"id":"gen8ou-1675787473","p1":"Ladder Prodigy","p2":"AlIoutdragadarts","format":"gen8ou","log":"|j|\u2606Ladder Prodigy\n|j|\u2606AlIoutdragadarts\n|inactive|Battle timer is ON: inactive players will automatically lose when time's up.\n|t:|1664723995\n|gametype|singles\n|player|p1|Ladder Prodigy|akari|\n|player|p2|AlIoutdragadarts|hiker-gen4|\n|teamsize|p1|6\n|teamsize|p2|6\n|gen|8\n|tier|[Gen 8] OU\n|rated|Tournament battle\n|rule|Sleep Clause Mod: Limit one foe put to sleep\n|rule|Species Clause: Limit one of each Pok\u00e9mon\n|rule|OHKO Clause: OHKO moves are banned\n|rule|Evasion Items Clause: Evasion items are banned\n|rule|Evasion Moves Clause: Evasion moves are banned\n|rule|Endless Battle Clause: Forcing endless battles is banned\n|rule|HP Percentage Mod: HP is shown in percentages\n|rule|Dynamax Clause: You cannot dynamax\n|clearpoke\n|poke|p1|Torkoal, M|\n|poke|p1|Venusaur, M|\n|poke|p1|Garchomp, F|\n|poke|p1|Heatran, F|\n|poke|p1|Moltres-Galar|\n|poke|p1|Cloyster, F|\n|poke|p2|Dragapult, F|\n|poke|p2|Urshifu-*, M|\n|poke|p2|Zapdos|\n|poke|p2|Heatran, M|\n|poke|p2|Slowking, M|\n|poke|p2|Landorus-Therian, M|\n|teampreview\n|j| YSWelcomeToForever\n|c|\u2606Ladder Prodigy|hf\n|j| sufys12\n|j|%Sww-Suwa\n|j|%htcl (>\u25e1<)\n|j| zaydapoketrainer\n|c| zaydapoketrainer|wtf\n|j| lou dort\n|c| zaydapoketrainer|is that team\n|j|#ironwater\n|c|\u2606AlIoutdragadarts|hf\n|c| zaydapoketrainer|huhh\n|c|%htcl (>\u25e1<)|based gigachad squad\n|c|%htcl (>\u25e1<)|moltres sun\n|c| zaydapoketrainer|im just confused why\n|c| zaydapoketrainer|gmolt sun\n|c| zaydapoketrainer|hurricane is 50%\n|inactive|Ladder Prodigy has 120 seconds left.\n|inactive|AlIoutdragadarts has 120 seconds left.\n|j|+blooclipse\n|j| PkmnMasterEclipse\n|c| zaydapoketrainer|cloyster also?\n|c| zaydapoketrainer|like bro what am i seeing\n|c|+blooclipse|air slash duh\n|c| sufys12|just watch the game zaydapoketrainer lmao]\n|c| zaydapoketrainer|on the other side\n|c| zaydapoketrainer|you have\n|c|%htcl (>\u25e1<)|i mean if you miss a 50% move\n|c| PkmnMasterEclipse|i think i recognize this lol\n|c|%htcl (>\u25e1<)|skill issue\n|c| zaydapoketrainer|6-0d by venusaur\n|c| zaydapoketrainer|only wall is pult\n|c|+blooclipse|50\/50 is good enough\n|c|\u2606AlIoutdragadarts|ye\n|inactive|Ladder Prodigy has 90 seconds left.\n|c| lou dort|modchat?\n|c| zaydapoketrainer|\ud83d\udc80\n|c|\u2606AlIoutdragadarts|my team sucks\n|l|+blooclipse\n|c| zaydapoketrainer|bro\n|c| zaydapoketrainer|venusaur is\n|c| zaydapoketrainer|very uncommon\n|c| zaydapoketrainer|dw\n|j| GengarAdept\n|\n|t:|1664724075\n|start\n|switch|p1a: Torkoal|Torkoal, M|100\/100\n|switch|p2a: Dragapult|Dragapult, F, shiny|100\/100\n|-weather|SunnyDay|[from] ability: Drought|[of] p1a: Torkoal\n|turn|1\n|c| zaydapoketrainer|its a fine team\n|c| zaydapoketrainer|just\n|c| zaydapoketrainer|slowking old tbh\n|c|%htcl (>\u25e1<)|modchat is lame is so much more hype to have\n|c|%htcl (>\u25e1<)|chat on\n|c| PkmnMasterEclipse|ik this team i think\n|c| zaydapoketrainer|i swear that teams a sample ngl\n|inactive|Ladder Prodigy has 120 seconds left.\n|\n|t:|1664724101\n|switch|p1a: Heatran|Heatran, F|100\/100\n|-item|p1a: Heatran|Air Balloon\n|move|p2a: Dragapult|Draco Meteor|p1a: Heatran\n|-resisted|p1a: Heatran\n|-damage|p1a: Heatran|68\/100\n|-unboost|p2a: Dragapult|spa|2\n|-enditem|p1a: Heatran|Air Balloon\n|\n|-weather|SunnyDay|[upkeep]\n|upkeep\n|turn|2\n|c|%htcl (>\u25e1<)|its*\n|c| zaydapoketrainer|it is?\n|\n|t:|1664724108\n|switch|p2a: Slowking|Slowking, M, shiny|100\/100\n|move|p1a: Heatran|Magma Storm|p2a: Slowking\n|-resisted|p2a: Slowking\n|-damage|p2a: Slowking|82\/100\n|-activate|p2a: Slowking|move: Magma Storm|[of] p1a: Heatran\n|-enditem|p2a: Slowking|Eject Button\n|c| zaydapoketrainer|ok\n|\n|t:|1664724113\n|switch|p2a: Urshifu|Urshifu-Rapid-Strike, M|100\/100\n|\n|-weather|SunnyDay|[upkeep]\n|upkeep\n|turn|3\n|c| zaydapoketrainer|18?\n|j|@Mimikyu Stardust\n|c| zaydapoketrainer|wow\n|c| zaydapoketrainer|tran weak tran weak tran weak\n|c| zaydapoketrainer|shit did 18 to slowking fr\n|\n|t:|1664724129\n|switch|p1a: Garchomp|Garchomp, F|100\/100\n|move|p2a: Urshifu|Close Combat|p1a: Garchomp\n|-damage|p1a: Garchomp|35\/100\n|-unboost|p2a: Urshifu|def|1\n|-unboost|p2a: Urshifu|spd|1\n|-activate|p1a: Garchomp|ability: Rough Skin\n|-activate|p2a: Urshifu|item: Protective Pads\n|\n|-weather|SunnyDay|[upkeep]\n|upkeep\n|turn|4\n|\n|t:|1664724136\n|switch|p2a: Landorus|Landorus-Therian, M, shiny|100\/100\n|-ability|p2a: Landorus|Intimidate|boost\n|-unboost|p1a: Garchomp|atk|1\n|-enditem|p1a: Garchomp|Eject Pack\n|c| zaydapoketrainer|Wow pads hits hard\n|c| zaydapoketrainer|65\n|c|\u2606AlIoutdragadarts|whats the\n|c| zaydapoketrainer|should i shut up?\n|\n|t:|1664724146\n|switch|p1a: Moltres|Moltres-Galar|100\/100\n|\n|-weather|SunnyDay|[upkeep]\n|upkeep\n|turn|5\n|c| zaydapoketrainer|i feel like im being annoying\n|c| sufys12|zaydapoketrainer yes just watch the game lmao\n|\n|t:|1664724159\n|move|p1a: Moltres|Nasty Plot|p1a: Moltres\n|-boost|p1a: Moltres|spa|2\n|move|p2a: Landorus|U-turn|p1a: Moltres\n|-damage|p1a: Moltres|79\/100\n|-damage|p2a: Landorus|84\/100|[from] item: Rocky Helmet|[of] p1a: Moltres\n|c| zaydapoketrainer|k\n|c| zaydapoketrainer|ROCKY\n|c|%htcl (>\u25e1<)|helmet is wild\n|c| zaydapoketrainer|HELMET\n|c| GengarAdept|moltres is in\n|c| zaydapoketrainer|WHAT THE FRIGOODLE\n|c| GengarAdept|no switchins\n|inactive|AlIoutdragadarts has 120 seconds left.\n|c| zaydapoketrainer|uhh\n|\n|t:|1664724192\n|switch|p2a: Urshifu|Urshifu-Rapid-Strike, M|100\/100|[from]move: U-turn\n|\n|-weather|SunnyDay|[upkeep]\n|upkeep\n|turn|6\n|c| zaydapoketrainer|tran lives one\n|c| zaydapoketrainer|shifu just\n|l|@Mimikyu Stardust\n|inactive|AlIoutdragadarts has 120 seconds left.\n|c| zaydapoketrainer|well it doesnt ohko i know this calc but it also just dodges cane\n|c|\u2606AlIoutdragadarts|nah he cant hit me\n|c| zaydapoketrainer|gigachad energy\n|c|\u2606AlIoutdragadarts|in sun\n|inactive|Ladder Prodigy has 120 seconds left.\n|c|%Sww-Suwa|alr zayda maybe its time to stop\n|c|%Sww-Suwa|i dont wanna put modchat\n|c|\u2606AlIoutdragadarts|ye\n|\n|t:|1664724237\n|move|p2a: Urshifu|Close Combat|p1a: Moltres\n|-damage|p1a: Moltres|10\/100\n|-unboost|p2a: Urshifu|def|1\n|-unboost|p2a: Urshifu|spd|1\n|-ability|p1a: Moltres|Berserk|boost\n|-boost|p1a: Moltres|spa|1\n|move|p1a: Moltres|Agility|p1a: Moltres\n|-boost|p1a: Moltres|spe|2\n|\n|-weather|SunnyDay|[upkeep]\n|upkeep\n|turn|7\n|inactive|AlIoutdragadarts has 120 seconds left.\n|j| gewwge\n|\n|t:|1664724250\n|move|p1a: Moltres|Air Slash|p2a: Urshifu\n|-supereffective|p2a: Urshifu\n|-damage|p2a: Urshifu|0 fnt\n|faint|p2a: Urshifu\n|\n|-weather|SunnyDay|[upkeep]\n|upkeep\n|j|@Mimikyu Stardust\n|\n|t:|1664724261\n|switch|p2a: Zapdos|Zapdos, shiny|100\/100\n|turn|8\n|j| GoatNoir\n|\n|t:|1664724264\n|move|p1a: Moltres|Fiery Wrath|p2a: Zapdos\n|-damage|p2a: Zapdos|3\/100\n|cant|p2a: Zapdos|flinch\n|\n|-weather|none\n|upkeep\n|turn|9\n|c| zaydapoketrainer|Oh..\n|c| zaydapoketrainer|the heat\n|c|\u2606Ladder Prodigy|mb\n|j| tessa rhydon\n|c| sufys12|game over.\n|inactive|AlIoutdragadarts has 120 seconds left.\n|c| GoatNoir|thats game\n|c|%htcl (>\u25e1<)|ngl im surprised zap lived\n|c| zaydapoketrainer|Bro fiery wrath has never not flinched\n|\n|t:|1664724277\n|move|p1a: Moltres|Fiery Wrath|p2a: Zapdos\n|-damage|p2a: Zapdos|0 fnt\n|faint|p2a: Zapdos\n|\n|upkeep\n|\n|t:|1664724282\n|switch|p2a: Heatran|Heatran, M, shiny|100\/100\n|turn|10\n|j| cdgedp\n|\n|t:|1664724284\n|move|p1a: Moltres|Fiery Wrath|p2a: Heatran\n|-damage|p2a: Heatran|19\/100\n|move|p2a: Heatran|Heavy Slam|p1a: Moltres\n|-damage|p1a: Moltres|0 fnt\n|-damage|p2a: Heatran|2\/100|[from] item: Rocky Helmet|[of] p1a: Moltres\n|faint|p1a: Moltres\n|\n|-heal|p2a: Heatran|8\/100|[from] item: Leftovers\n|upkeep\n|c| zaydapoketrainer|Whenever ive used it it never flinches tho\n|\n|t:|1664724295\n|switch|p1a: Garchomp|Garchomp, F|35\/100\n|turn|11\n|c| sufys12|enough damage has been done.\n|\n|t:|1664724300\n|move|p1a: Garchomp|Scale Shot|p2a: Heatran\n|-resisted|p2a: Heatran\n|-damage|p2a: Heatran|4\/100\n|-resisted|p2a: Heatran\n|-damage|p2a: Heatran|0 fnt\n|faint|p2a: Heatran\n|-hitcount|p2: Heatran|2\n|-unboost|p1a: Garchomp|def|1\n|-boost|p1a: Garchomp|spe|1\n|\n|upkeep\n|c| zaydapoketrainer|Ye\n|\n|t:|1664724306\n|switch|p2a: Landorus|Landorus-Therian, M, shiny|84\/100\n|-ability|p2a: Landorus|Intimidate|boost\n|-unboost|p1a: Garchomp|atk|1\n|turn|12\n|\n|t:|1664724310\n|move|p1a: Garchomp|Swords Dance|p1a: Garchomp\n|-boost|p1a: Garchomp|atk|2\n|move|p2a: Landorus|U-turn|p1a: Garchomp\n|-damage|p1a: Garchomp|3\/100\n|-damage|p2a: Landorus|72\/100|[from] ability: Rough Skin|[of] p1a: Garchomp\n|c| GoatNoir|scale shot was risky though\n|\n|t:|1664724316\n|switch|p2a: Slowking|Slowking, M, shiny|100\/100|[from]move: U-turn\n|\n|upkeep\n|turn|13\n|\n|t:|1664724321\n|move|p1a: Garchomp|Scale Shot|p2a: Slowking\n|-damage|p2a: Slowking|79\/100\n|-damage|p2a: Slowking|59\/100\n|-damage|p2a: Slowking|41\/100\n|-hitcount|p2a: Slowking|3\n|-unboost|p1a: Garchomp|def|1\n|-boost|p1a: Garchomp|spe|1\n|move|p2a: Slowking|Scald|p1a: Garchomp\n|-damage|p1a: Garchomp|0 fnt\n|faint|p1a: Garchomp\n|\n|upkeep\n|\n|t:|1664724326\n|switch|p1a: Cloyster|Cloyster, F|100\/100\n|turn|14\n|\n|t:|1664724330\n|move|p1a: Cloyster|Shell Smash|p1a: Cloyster\n|-unboost|p1a: Cloyster|def|1\n|-unboost|p1a: Cloyster|spd|1\n|-boost|p1a: Cloyster|atk|2\n|-boost|p1a: Cloyster|spa|2\n|-boost|p1a: Cloyster|spe|2\n|move|p2a: Slowking|Future Sight|p1a: Cloyster\n|-start|p2a: Slowking|move: Future Sight\n|\n|upkeep\n|turn|15\n|c| zaydapoketrainer|Shell man\n|j| picket wicket\n|c| GoatNoir|ice everything\n|c| sufys12|he hasn't got two turns to live\n|c| GoatNoir|and its over\n|\n|t:|1664724351\n|switch|p2a: Landorus|Landorus-Therian, M, shiny|72\/100\n|-ability|p2a: Landorus|Intimidate|boost\n|-unboost|p1a: Cloyster|atk|1\n|move|p1a: Cloyster|Icicle Spear|p2a: Landorus\n|-supereffective|p2a: Landorus\n|-damage|p2a: Landorus|8\/100\n|-supereffective|p2a: Landorus\n|-damage|p2a: Landorus|0 fnt\n|faint|p2a: Landorus\n|-hitcount|p2: Landorus|2\n|\n|upkeep\n|c| GengarAdept|3 spear shots\n|\n|t:|1664724355\n|switch|p2a: Slowking|Slowking, M, shiny|74\/100\n|turn|16\n|j| IamMFA\n|\n|t:|1664724367\n|switch|p1a: Torkoal|Torkoal, M|100\/100\n|-weather|SunnyDay|[from] ability: Drought|[of] p1a: Torkoal\n|move|p2a: Slowking|Scald|p1a: Torkoal\n|-supereffective|p1a: Torkoal\n|-damage|p1a: Torkoal|64\/100\n|\n|-weather|SunnyDay|[upkeep]\n|-end|p1a: Torkoal|move: Future Sight\n|-damage|p1a: Torkoal|7\/100\n|upkeep\n|turn|17\n|c| zaydapoketrainer|I mean rock blast does decent damage here right\n|c| zaydapoketrainer|or not\n|c| zaydapoketrainer|Sheesh that lives\n|\n|t:|1664724379\n|move|p1a: Torkoal|Toxic|p2a: Slowking\n|-status|p2a: Slowking|tox\n|move|p2a: Slowking|Scald|p1a: Torkoal\n|-supereffective|p1a: Torkoal\n|-damage|p1a: Torkoal|0 fnt\n|faint|p1a: Torkoal\n|\n|-weather|SunnyDay|[upkeep]\n|-damage|p2a: Slowking|68\/100 tox|[from] psn\n|upkeep\n|\n|t:|1664724382\n|switch|p1a: Cloyster|Cloyster, F|100\/100\n|turn|18\n|\n|t:|1664724384\n|move|p1a: Cloyster|Shell Smash|p1a: Cloyster\n|-unboost|p1a: Cloyster|def|1\n|-unboost|p1a: Cloyster|spd|1\n|-boost|p1a: Cloyster|atk|2\n|-boost|p1a: Cloyster|spa|2\n|-boost|p1a: Cloyster|spe|2\n|move|p2a: Slowking|Future Sight|p1a: Cloyster\n|-start|p2a: Slowking|move: Future Sight\n|\n|-weather|SunnyDay|[upkeep]\n|-damage|p2a: Slowking|56\/100 tox|[from] psn\n|upkeep\n|turn|19\n|\n|t:|1664724387\n|move|p1a: Cloyster|Icicle Spear|p2a: Slowking\n|-resisted|p2a: Slowking\n|-damage|p2a: Slowking|46\/100 tox\n|-resisted|p2a: Slowking\n|-damage|p2a: Slowking|37\/100 tox\n|-resisted|p2a: Slowking\n|-damage|p2a: Slowking|27\/100 tox\n|-resisted|p2a: Slowking\n|-damage|p2a: Slowking|18\/100 tox\n|-resisted|p2a: Slowking\n|-damage|p2a: Slowking|8\/100 tox\n|-hitcount|p2a: Slowking|5\n|move|p2a: Slowking|Slack Off|p2a: Slowking\n|-heal|p2a: Slowking|58\/100 tox\n|\n|-weather|SunnyDay|[upkeep]\n|-damage|p2a: Slowking|40\/100 tox|[from] psn\n|upkeep\n|turn|20\n|c|\u2606Ladder Prodigy|that lives damn\n|\n|t:|1664724399\n|move|p1a: Cloyster|Rock Blast|p2a: Slowking\n|-damage|p2a: Slowking|25\/100 tox\n|-damage|p2a: Slowking|11\/100 tox\n|-damage|p2a: Slowking|0 fnt\n|faint|p2a: Slowking\n|-hitcount|p2: Slowking|3\n|\n|-weather|SunnyDay|[upkeep]\n|-end|p1a: Cloyster|move: Future Sight\n|-damage|p1a: Cloyster|0 fnt\n|faint|p1a: Cloyster\n|upkeep\n|\n|t:|1664724404\n|switch|p1a: Heatran|Heatran, F|68\/100\n|switch|p2a: Dragapult|Dragapult, F, shiny|100\/100\n|turn|21\n|c| zaydapoketrainer|Ye but u win either way\n|\n|t:|1664724407\n|move|p2a: Dragapult|Shadow Ball|p1a: Heatran\n|-damage|p1a: Heatran|26\/100\n|move|p1a: Heatran|Steel Beam|p2a: Dragapult\n|-damage|p2a: Dragapult|15\/100\n|-damage|p1a: Heatran|0 fnt|[from] mindblown\n|faint|p1a: Heatran\n|\n|-weather|SunnyDay|[upkeep]\n|upkeep\n|c|\u2606Ladder Prodigy|gg\n|\n|t:|1664724412\n|switch|p1a: Venusaur|Venusaur, M|100\/100\n|turn|22\n|c| zaydapoketrainer|SHEESH\n|c|\u2606AlIoutdragadarts|gg\n|c| zaydapoketrainer|steel beam\n|\n|t:|1664724421\n|move|p1a: Venusaur|Earth Power|p2a: Dragapult\n|-damage|p2a: Dragapult|0 fnt\n|faint|p2a: Dragapult\n|-damage|p1a: Venusaur|91\/100|[from] item: Life Orb\n|\n|win|Ladder Prodigy\n|n|\u2606Ladder Prodigy|ladderprodigy\n|n|\u2606AlIoutdragadarts|alioutdragadarts\n|n| YSWelcomeToForever|yswelcometoforever\n|n| sufys12|sufys12\n|n| Sww-Suwa|swwsuwa\n|n| htcl (>\u25e1<)|htcl\n|n| zaydapoketrainer|zaydapoketrainer\n|n| lou dort|loudort\n|n|@ironwater|ironwater\n|n| PkmnMasterEclipse|pkmnmastereclipse\n|n| GengarAdept|gengaradept\n|n| gewwge|gewwge\n|n| Mimikyu Stardust|mimikyustardust\n|n| GoatNoir|goatnoir\n|n| tessa rhydon|tessarhydon\n|n| cdgedp|cdgedp\n|n| picket wicket|picketwicket\n|n| IamMFA|iammfa\n|c| sufys12|closer than i thought it would be.\n","uploadtime":1664724424,"views":50,"p1id":"ladderprodigy","p2id":"alioutdragadarts","formatid":"gen8ou","rating":0,"private":0,"password":null}