{"id":"gen8ou-1229368692","p1":"Contorted Lies","p2":"Bee vs Tea","format":"gen8ou","log":"|j|\u2606Contorted Lies\n|j|\u2606Bee vs Tea\n|t:|1606092613\n|player|p1|Contorted Lies|265|1868\n|player|p2|Bee vs Tea|266|1738\n|teamsize|p1|6\n|teamsize|p2|6\n|gametype|singles\n|gen|8\n|tier|[Gen 8] OU\n|rated|\n|clearpoke\n|poke|p1|Pheromosa|\n|poke|p1|Tapu Lele|\n|poke|p1|Heatran, F|\n|poke|p1|Tapu Fini|\n|poke|p1|Landorus-Therian, M|\n|poke|p1|Kartana|\n|poke|p2|Swampert, M|\n|poke|p2|Toxapex, M|\n|poke|p2|Melmetal|\n|poke|p2|Regieleki|\n|poke|p2|Hydreigon, M|\n|poke|p2|Zapdos-Galar|\n|rule|Sleep Clause Mod: Limit one foe put to sleep\n|rule|Species Clause: Limit one of each Pok\u00e9mon\n|rule|OHKO Clause: OHKO moves are banned\n|rule|Evasion Moves Clause: Evasion moves are banned\n|rule|Endless Battle Clause: Forcing endless battles is banned\n|rule|HP Percentage Mod: HP is shown in percentages\n|rule|Dynamax Clause: You cannot dynamax\n|teampreview\n|inactive|Battle timer is ON: inactive players will automatically lose when time's up. (requested by Bee vs Tea)\n|j| latiozazul2\n|\n|t:|1606092624\n|start\n|switch|p1a: Tapu Lele|Tapu Lele|100\/100\n|switch|p2a: Swampert|Swampert, M|100\/100\n|-fieldstart|move: Psychic Terrain|[from] ability: Psychic Surge|[of] p1a: Tapu Lele\n|turn|1\n|\n|t:|1606092630\n|move|p1a: Tapu Lele|Psychic|p2a: Swampert\n|-damage|p2a: Swampert|31\/100\n|move|p2a: Swampert|Flip Turn|p1a: Tapu Lele\n|-damage|p1a: Tapu Lele|68\/100\n|\n|t:|1606092634\n|switch|p2a: Melmetal|Melmetal|100\/100|[from]move: Flip Turn\n|\n|upkeep\n|turn|2\n|\n|t:|1606092644\n|switch|p1a: Landorus|Landorus-Therian, M|100\/100\n|-ability|p1a: Landorus|Intimidate|boost\n|-unboost|p2a: Melmetal|atk|1\n|move|p2a: Melmetal|Double Iron Bash|p1a: Landorus\n|-damage|p1a: Landorus|53\/100\n|-damage|p1a: Landorus|6\/100\n|-hitcount|p1a: Landorus|2\n|\n|upkeep\n|turn|3\n|\n|t:|1606092651\n|switch|p2a: Zapdos|Zapdos-Galar|100\/100\n|move|p1a: Landorus|U-turn|p2a: Zapdos\n|-resisted|p2a: Zapdos\n|-damage|p2a: Zapdos|93\/100\n|\n|t:|1606092659\n|switch|p1a: Pheromosa|Pheromosa|100\/100|[from]move: U-turn\n|\n|-heal|p2a: Zapdos|99\/100|[from] item: Leftovers\n|upkeep\n|turn|4\n|\n|t:|1606092665\n|switch|p1a: Tapu Lele|Tapu Lele|68\/100\n|switch|p2a: Toxapex|Toxapex, M|100\/100\n|\n|upkeep\n|turn|5\n|j| SemiProHawk707\n|j| yessica95\n|j| Teslataters\n|\n|t:|1606092670\n|switch|p2a: Hydreigon|Hydreigon, M|100\/100\n|move|p1a: Tapu Lele|Psychic|p2a: Hydreigon\n|-immune|p2a: Hydreigon\n|\n|-fieldend|move: Psychic Terrain\n|upkeep\n|turn|6\n|\n|t:|1606092673\n|switch|p1a: Heatran|Heatran, F|100\/100\n|move|p2a: Hydreigon|U-turn|p1a: Heatran\n|-resisted|p1a: Heatran\n|-crit|p1a: Heatran\n|-damage|p1a: Heatran|96\/100\n|\n|t:|1606092676\n|switch|p2a: Swampert|Swampert, M|31\/100|[from]move: U-turn\n|\n|-heal|p1a: Heatran|100\/100|[from] item: Leftovers\n|-heal|p2a: Swampert|37\/100|[from] item: Leftovers\n|upkeep\n|turn|7\n|\n|t:|1606092679\n|switch|p1a: Landorus|Landorus-Therian, M|6\/100\n|-ability|p1a: Landorus|Intimidate|boost\n|-unboost|p2a: Swampert|atk|1\n|move|p2a: Swampert|Stealth Rock|p1a: Landorus\n|-sidestart|p1: Contorted Lies|move: Stealth Rock\n|\n|-heal|p2a: Swampert|43\/100|[from] item: Leftovers\n|upkeep\n|turn|8\n|\n|t:|1606092681\n|move|p1a: Landorus|Stealth Rock|p2a: Swampert\n|-sidestart|p2: Bee vs Tea|move: Stealth Rock\n|move|p2a: Swampert|Flip Turn|p1a: Landorus\n|-supereffective|p1a: Landorus\n|-damage|p1a: Landorus|0 fnt\n|faint|p1a: Landorus\n|\n|t:|1606092684\n|switch|p2a: Regieleki|Regieleki|100\/100|[from]move: Flip Turn\n|-damage|p2a: Regieleki|88\/100|[from] Stealth Rock\n|\n|upkeep\n|\n|t:|1606092698\n|switch|p1a: Kartana|Kartana|100\/100\n|-damage|p1a: Kartana|94\/100|[from] Stealth Rock\n|turn|9\n|\n|t:|1606092701\n|move|p2a: Regieleki|Volt Switch|p1a: Kartana\n|-resisted|p1a: Kartana\n|-damage|p1a: Kartana|0 fnt\n|faint|p1a: Kartana\n|\n|t:|1606092706\n|switch|p2a: Hydreigon|Hydreigon, M|100\/100|[from]move: Volt Switch\n|-damage|p2a: Hydreigon|88\/100|[from] Stealth Rock\n|\n|upkeep\n|j| AnimaticLunatic\n|l| AnimaticLunatic\n|\n|t:|1606092715\n|switch|p1a: Heatran|Heatran, F|100\/100\n|-damage|p1a: Heatran|88\/100|[from] Stealth Rock\n|turn|10\n|\n|t:|1606092719\n|move|p1a: Heatran|Protect|p1a: Heatran\n|-singleturn|p1a: Heatran|Protect\n|move|p2a: Hydreigon|U-turn|p1a: Heatran\n|-activate|p1a: Heatran|move: Protect\n|\n|-heal|p1a: Heatran|94\/100|[from] item: Leftovers\n|upkeep\n|turn|11\n|l| latiozazul2\n|\n|t:|1606092723\n|move|p2a: Hydreigon|U-turn|p1a: Heatran\n|-resisted|p1a: Heatran\n|-damage|p1a: Heatran|91\/100\n|\n|t:|1606092725\n|switch|p2a: Swampert|Swampert, M|43\/100|[from]move: U-turn\n|-damage|p2a: Swampert|37\/100|[from] Stealth Rock\n|move|p1a: Heatran|Magma Storm|p2a: Swampert\n|-resisted|p2a: Swampert\n|-damage|p2a: Swampert|19\/100\n|-activate|p2a: Swampert|move: Magma Storm|[of] p1a: Heatran\n|\n|-heal|p1a: Heatran|97\/100|[from] item: Leftovers\n|-heal|p2a: Swampert|25\/100|[from] item: Leftovers\n|-damage|p2a: Swampert|13\/100|[from] move: Magma Storm|[partiallytrapped]\n|upkeep\n|turn|12\n|\n|t:|1606092729\n|move|p1a: Heatran|Earth Power|p2a: Swampert\n|-damage|p2a: Swampert|0 fnt\n|faint|p2a: Swampert\n|\n|-heal|p1a: Heatran|100\/100|[from] item: Leftovers\n|upkeep\n|\n|t:|1606092733\n|switch|p2a: Zapdos|Zapdos-Galar|99\/100\n|-damage|p2a: Zapdos|87\/100|[from] Stealth Rock\n|turn|13\n|\n|t:|1606092736\n|switch|p1a: Tapu Fini|Tapu Fini|100\/100\n|-damage|p1a: Tapu Fini|88\/100|[from] Stealth Rock\n|-fieldstart|move: Misty Terrain|[from] ability: Misty Surge|[of] p1a: Tapu Fini\n|move|p2a: Zapdos|Stomping Tantrum|p1a: Tapu Fini\n|-damage|p1a: Tapu Fini|68\/100\n|\n|-heal|p2a: Zapdos|93\/100|[from] item: Leftovers\n|-heal|p1a: Tapu Fini|74\/100|[from] item: Leftovers\n|upkeep\n|turn|14\n|\n|t:|1606092742\n|switch|p2a: Melmetal|Melmetal|100\/100\n|-damage|p2a: Melmetal|94\/100|[from] Stealth Rock\n|move|p1a: Tapu Fini|Moonblast|p2a: Melmetal\n|-resisted|p2a: Melmetal\n|-damage|p2a: Melmetal|77\/100\n|-unboost|p2a: Melmetal|spa|1\n|\n|-heal|p1a: Tapu Fini|80\/100|[from] item: Leftovers\n|upkeep\n|turn|15\n|\n|t:|1606092747\n|move|p1a: Tapu Fini|Nature's Madness|p2a: Melmetal\n|-damage|p2a: Melmetal|39\/100\n|move|p2a: Melmetal|Earthquake|p1a: Tapu Fini\n|-damage|p1a: Tapu Fini|40\/100\n|\n|-heal|p1a: Tapu Fini|46\/100|[from] item: Leftovers\n|upkeep\n|turn|16\n|\n|t:|1606092753\n|move|p1a: Tapu Fini|Whirlpool|p2a: Melmetal\n|-damage|p2a: Melmetal|25\/100\n|-activate|p2a: Melmetal|move: Whirlpool|[of] p1a: Tapu Fini\n|move|p2a: Melmetal|Earthquake|p1a: Tapu Fini\n|-damage|p1a: Tapu Fini|6\/100\n|\n|-heal|p1a: Tapu Fini|12\/100|[from] item: Leftovers\n|-damage|p2a: Melmetal|13\/100|[from] move: Whirlpool|[partiallytrapped]\n|upkeep\n|turn|17\n|\n|t:|1606092759\n|move|p1a: Tapu Fini|Moonblast|p2a: Melmetal\n|-resisted|p2a: Melmetal\n|-crit|p2a: Melmetal\n|-damage|p2a: Melmetal|0 fnt\n|faint|p2a: Melmetal\n|\n|-heal|p1a: Tapu Fini|18\/100|[from] item: Leftovers\n|-fieldend|Misty Terrain\n|upkeep\n|\n|t:|1606092760\n|switch|p2a: Regieleki|Regieleki|88\/100\n|-damage|p2a: Regieleki|76\/100|[from] Stealth Rock\n|turn|18\n|\n|t:|1606092764\n|move|p2a: Regieleki|Volt Switch|p1a: Tapu Fini\n|-supereffective|p1a: Tapu Fini\n|-damage|p1a: Tapu Fini|0 fnt\n|faint|p1a: Tapu Fini\n|j| oophyte\n|\n|t:|1606092772\n|switch|p2a: Hydreigon|Hydreigon, M|88\/100|[from]move: Volt Switch\n|-damage|p2a: Hydreigon|76\/100|[from] Stealth Rock\n|\n|upkeep\n|\n|t:|1606092776\n|switch|p1a: Heatran|Heatran, F|100\/100\n|-damage|p1a: Heatran|88\/100|[from] Stealth Rock\n|turn|19\n|\n|t:|1606092783\n|move|p2a: Hydreigon|Dark Pulse|p1a: Heatran\n|-damage|p1a: Heatran|61\/100\n|move|p1a: Heatran|Magma Storm|p2a: Hydreigon\n|-resisted|p2a: Hydreigon\n|-damage|p2a: Hydreigon|49\/100\n|-activate|p2a: Hydreigon|move: Magma Storm|[of] p1a: Heatran\n|\n|-heal|p1a: Heatran|68\/100|[from] item: Leftovers\n|-damage|p2a: Hydreigon|37\/100|[from] move: Magma Storm|[partiallytrapped]\n|upkeep\n|turn|20\n|\n|t:|1606092787\n|move|p1a: Heatran|Protect|p1a: Heatran\n|-singleturn|p1a: Heatran|Protect\n|move|p2a: Hydreigon|Dark Pulse|p1a: Heatran\n|-activate|p1a: Heatran|move: Protect\n|\n|-heal|p1a: Heatran|74\/100|[from] item: Leftovers\n|-damage|p2a: Hydreigon|24\/100|[from] move: Magma Storm|[partiallytrapped]\n|upkeep\n|turn|21\n|j| Vessev\n|\n|t:|1606092797\n|move|p1a: Heatran|Protect|p1a: Heatran\n|-singleturn|p1a: Heatran|Protect\n|move|p2a: Hydreigon|Dark Pulse|p1a: Heatran\n|-activate|p1a: Heatran|move: Protect\n|\n|-heal|p1a: Heatran|80\/100|[from] item: Leftovers\n|-damage|p2a: Hydreigon|12\/100|[from] move: Magma Storm|[partiallytrapped]\n|upkeep\n|turn|22\n|\n|t:|1606092803\n|move|p1a: Heatran|Protect||[still]\n|-fail|p1a: Heatran\n|move|p2a: Hydreigon|Dark Pulse|p1a: Heatran\n|-damage|p1a: Heatran|52\/100\n|\n|-heal|p1a: Heatran|59\/100|[from] item: Leftovers\n|-damage|p2a: Hydreigon|0 fnt|[from] move: Magma Storm|[partiallytrapped]\n|faint|p2a: Hydreigon\n|upkeep\n|c|\u2606Bee vs Tea|the triple?\n|\n|t:|1606092815\n|switch|p2a: Zapdos|Zapdos-Galar|93\/100\n|-damage|p2a: Zapdos|81\/100|[from] Stealth Rock\n|turn|23\n|\n|t:|1606092823\n|switch|p1a: Tapu Lele|Tapu Lele|68\/100\n|-damage|p1a: Tapu Lele|56\/100|[from] Stealth Rock\n|-fieldstart|move: Psychic Terrain|[from] ability: Psychic Surge|[of] p1a: Tapu Lele\n|move|p2a: Zapdos|Stomping Tantrum|p1a: Tapu Lele\n|-damage|p1a: Tapu Lele|17\/100\n|\n|-heal|p2a: Zapdos|87\/100|[from] item: Leftovers\n|upkeep\n|turn|24\n|\n|t:|1606092832\n|switch|p2a: Toxapex|Toxapex, M|100\/100\n|-damage|p2a: Toxapex|88\/100|[from] Stealth Rock\n|move|p1a: Tapu Lele|Psychic|p2a: Toxapex\n|-supereffective|p2a: Toxapex\n|-damage|p2a: Toxapex|0 fnt\n|faint|p2a: Toxapex\n|\n|upkeep\n|\n|t:|1606092834\n|switch|p2a: Regieleki|Regieleki|76\/100\n|-damage|p2a: Regieleki|63\/100|[from] Stealth Rock\n|turn|25\n|\n|t:|1606092840\n|move|p2a: Regieleki|Thunderbolt|p1a: Tapu Lele\n|-damage|p1a: Tapu Lele|0 fnt\n|faint|p1a: Tapu Lele\n|\n|upkeep\n|\n|t:|1606092843\n|switch|p1a: Heatran|Heatran, F|59\/100\n|-damage|p1a: Heatran|46\/100|[from] Stealth Rock\n|turn|26\n|\n|t:|1606092845\n|switch|p2a: Zapdos|Zapdos-Galar|87\/100\n|-damage|p2a: Zapdos|75\/100|[from] Stealth Rock\n|move|p1a: Heatran|Protect||[still]\n|-fail|p1a: Heatran\n|\n|-heal|p2a: Zapdos|81\/100|[from] item: Leftovers\n|-heal|p1a: Heatran|52\/100|[from] item: Leftovers\n|upkeep\n|turn|27\n|\n|t:|1606092852\n|move|p1a: Heatran|Protect|p1a: Heatran\n|-singleturn|p1a: Heatran|Protect\n|move|p2a: Zapdos|Brave Bird|p1a: Heatran\n|-activate|p1a: Heatran|move: Protect\n|\n|-heal|p2a: Zapdos|87\/100|[from] item: Leftovers\n|-heal|p1a: Heatran|59\/100|[from] item: Leftovers\n|-fieldend|move: Psychic Terrain\n|upkeep\n|turn|28\n|\n|t:|1606092855\n|switch|p1a: Pheromosa|Pheromosa|100\/100\n|-damage|p1a: Pheromosa|88\/100|[from] Stealth Rock\n|move|p2a: Zapdos|Thunderous Kick|p1a: Pheromosa\n|-resisted|p1a: Pheromosa\n|-damage|p1a: Pheromosa|28\/100\n|-unboost|p1a: Pheromosa|def|1\n|\n|-heal|p2a: Zapdos|93\/100|[from] item: Leftovers\n|upkeep\n|turn|29\n|\n|t:|1606092861\n|move|p1a: Pheromosa|Ice Beam|p2a: Zapdos\n|-supereffective|p2a: Zapdos\n|-damage|p2a: Zapdos|0 fnt\n|-damage|p1a: Pheromosa|19\/100|[from] item: Life Orb\n|faint|p2a: Zapdos\n|-ability|p1a: Pheromosa|Beast Boost|boost\n|-boost|p1a: Pheromosa|spa|1\n|\n|upkeep\n|\n|t:|1606092863\n|switch|p2a: Regieleki|Regieleki|63\/100\n|-damage|p2a: Regieleki|51\/100|[from] Stealth Rock\n|turn|30\n|\n|t:|1606092865\n|move|p2a: Regieleki|Thunderbolt|p1a: Pheromosa\n|-crit|p1a: Pheromosa\n|-damage|p1a: Pheromosa|0 fnt\n|faint|p1a: Pheromosa\n|\n|upkeep\n|\n|t:|1606092866\n|switch|p1a: Heatran|Heatran, F|59\/100\n|-damage|p1a: Heatran|46\/100|[from] Stealth Rock\n|turn|31\n|\n|t:|1606092869\n|move|p1a: Heatran|Protect|p1a: Heatran\n|-singleturn|p1a: Heatran|Protect\n|move|p2a: Regieleki|Thunderbolt|p1a: Heatran\n|-activate|p1a: Heatran|move: Protect\n|\n|-heal|p1a: Heatran|52\/100|[from] item: Leftovers\n|upkeep\n|turn|32\n|c|\u2606Bee vs Tea|cmon bitch boy\n|\n|t:|1606092874\n|move|p2a: Regieleki|Thunderbolt|p1a: Heatran\n|-damage|p1a: Heatran|1\/100\n|move|p1a: Heatran|Earth Power|p2a: Regieleki\n|-supereffective|p2a: Regieleki\n|-damage|p2a: Regieleki|0 fnt\n|faint|p2a: Regieleki\n|\n|win|Contorted Lies\n|c|\u2606Bee vs Tea|wow\n|l|\u2606Bee vs Tea\n|l|\u2606Contorted Lies\n||Ladder (probably) updated, but score could not be retrieved (Request timeout).\n","uploadtime":1606092938,"views":101,"p1id":"contortedlies","p2id":"beevstea","formatid":"gen8ou","rating":0,"private":0,"password":null}