{"id":"gen81v1-1588722072","p1":"be7","p2":"Batataplays","format":"gen81v1","log":"|j|\u2606be7\n|j|\u2606Batataplays\n|inactive|Battle timer is ON: inactive players will automatically lose when time's up.\n|t:|1654292378\n|gametype|singles\n|player|p1|be7|cheren-gen5bw2|\n|player|p2|Batataplays|sonia|\n|teamsize|p1|3\n|teamsize|p2|3\n|gen|8\n|tier|[Gen 8] 1v1\n|rated|Tournament battle\n|rule|Species Clause: Limit one of each Pok\u00e9mon\n|rule|OHKO Clause: OHKO moves are banned\n|rule|Evasion Moves Clause: Evasion moves are banned\n|rule|Accuracy Moves Clause: Accuracy-lowering moves are banned\n|rule|HP Percentage Mod: HP is shown in percentages\n|rule|Dynamax Clause: You cannot dynamax\n|rule|Endless Battle Clause: Forcing endless battles is banned\n|clearpoke\n|poke|p1|Glastrier|\n|poke|p1|Rillaboom, M|\n|poke|p1|Thundurus-Therian, M|\n|poke|p2|Rotom-Heat|\n|poke|p2|Landorus-Therian, M|\n|poke|p2|Rillaboom, F|\n|teampreview|1\n|c|\u2606Batataplays|bebeto\n|j| Empoleon o\n|c|\u2606Batataplays|grrrrr\n|j| RaynningOutside\n|j|@mendigo da esquina\n|c| RaynningOutside|VAI BATATAS\n|c|\u2606be7|ora ora se n\u00e3o \u00e9\n|c|\u2606be7|zabuza momochi\n|c|\u2606Batataplays|desista\n|c|@mendigo da esquina|rinha de macaco qnd\n|c|\u2606Batataplays|o tour ja \u00e9 meu\n|c|\u2606be7|o dem\u00f4nio do g\u00e1s oculto\n|c| RaynningOutside|USA A CADEIRA\n|inactive|be7 has 120 seconds left.\n|\n|t:|1654292413\n|start\n|switch|p1a: Deschamps|Glastrier|100\/100\n|switch|p2a: Ball Lightning|Rotom-Heat|100\/100\n|turn|1\n|c|\u2606Batataplays|pensei que tu ia ser meu amigo deixar eu ganhar\n|c|\u2606Batataplays|ta aqui\n|c| RaynningOutside|desumildes\n|\n|t:|1654292422\n|move|p2a: Ball Lightning|Overheat|p1a: Deschamps\n|-supereffective|p1a: Deschamps\n|-damage|p1a: Deschamps|11\/100\n|-unboost|p2a: Ball Lightning|spa|2\n|move|p1a: Deschamps|Swords Dance|p1a: Deschamps\n|-boost|p1a: Deschamps|atk|2\n|\n|upkeep\n|turn|2\n|c|@mendigo da esquina|rip\n|c|\u2606be7|gg\n|c|@mendigo da esquina|vai errar\n|c| RaynningOutside|n foram de macaco\n|c|\u2606be7|!pick falo ez, n\u00e3o falo ez\n|c| be7|\/raw <div class=\"infobox\"><em>We randomly picked:<\/em> n\u00e3o falo ez<\/div>\n|c|\u2606Batataplays|nn erra\n|c|\u2606be7|ok\n|-enditem|p1a: Deschamps|Custap Berry|[eat]\n|-activate|p1a: Deschamps|item: Custap Berry|[consumed]\n|\n|t:|1654292436\n|move|p1a: Deschamps|Close Combat|p2a: Ball Lightning\n|-damage|p2a: Ball Lightning|0 fnt\n|-unboost|p1a: Deschamps|def|1\n|-unboost|p1a: Deschamps|spd|1\n|faint|p2a: Ball Lightning\n|\n|win|be7\n|n|\u2606be7|be7\n|n|\u2606Batataplays|batataplays\n|n| Empoleon o|empoleono\n|n| RaynningOutside|raynningoutside\n|n| mendigo da esquina|mendigodaesquina\n","uploadtime":1654292436,"views":7,"p1id":"be7","p2id":"batataplays","formatid":"gen81v1","rating":0,"private":0,"password":null}