{"id":"gen8ou-1181763404","p1":"LT74PF IMP","p2":"isheavydead","format":"gen8ou","log":"|raw|<div class=\"broadcast-blue\"><strong>This battle is required to be public due to a player having a name starting with 'LT74PF'.<\/div>\n|j|\u2606LT74PF IMP\n|j|\u2606isheavydead\n|t:|1599325651\n|player|p1|LT74PF IMP|biker-gen3|1852\n|player|p2|isheavydead|101|1827\n|teamsize|p1|6\n|teamsize|p2|6\n|gametype|singles\n|gen|8\n|tier|[Gen 8] OU\n|rated|\n|clearpoke\n|poke|p1|Blissey, F|\n|poke|p1|Aegislash, M|\n|poke|p1|Skarmory, M|\n|poke|p1|Zarude|\n|poke|p1|Toxapex, M|\n|poke|p1|Zeraora|\n|poke|p2|Haxorus, F|\n|poke|p2|Volcarona, F|\n|poke|p2|Ninetales-Alola, F|\n|poke|p2|Excadrill, F|\n|poke|p2|Urshifu-*, M|\n|poke|p2|Azumarill, M|\n|rule|Sleep Clause Mod: Limit one foe put to sleep\n|rule|Species Clause: Limit one of each Pok\u00e9mon\n|rule|OHKO Clause: OHKO moves are banned\n|rule|Evasion Moves Clause: Evasion moves are banned\n|rule|Endless Battle Clause: Forcing endless battles is banned\n|rule|HP Percentage Mod: HP is shown in percentages\n|rule|Dynamax Clause: You cannot dynamax\n|teampreview\n|inactive|Battle timer is ON: inactive players will automatically lose when time's up. (requested by LT74PF IMP)\n|j| lt74pf loren\n|\n|t:|1599325659\n|start\n|switch|p1a: Zarude|Zarude|100\/100\n|switch|p2a: Excadrill|Excadrill, F, shiny|100\/100\n|-ability|p2a: Excadrill|Mold Breaker\n|turn|1\n|j|+Sacri'\n|l|+Sacri'\n|inactive|isheavydead has 120 seconds left.\n|j| Bloodclat\n|j| Cookieco\n|\n|t:|1599325703\n|move|p1a: Zarude|Power Whip|p2a: Excadrill\n|-damage|p2a: Excadrill|20\/100\n|move|p2a: Excadrill|Stealth Rock|p1a: Zarude\n|-sidestart|p1: LT74PF IMP|move: Stealth Rock\n|\n|upkeep\n|turn|2\n|\n|t:|1599325708\n|move|p1a: Zarude|Crunch|p2a: Excadrill\n|-damage|p2a: Excadrill|0 fnt\n|faint|p2a: Excadrill\n|\n|upkeep\n|\n|t:|1599325709\n|switch|p2a: Ninetales|Ninetales-Alola, F, shiny|100\/100\n|-weather|Hail|[from] ability: Snow Warning|[of] p2a: Ninetales\n|turn|3\n|\n|t:|1599325714\n|move|p2a: Ninetales|Aurora Veil|p2a: Ninetales\n|-sidestart|p2: isheavydead|move: Aurora Veil\n|move|p1a: Zarude|Power Whip|p2a: Ninetales\n|-damage|p2a: Ninetales|63\/100\n|\n|-weather|Hail|[upkeep]\n|-damage|p1a: Zarude|95\/100|[from] Hail\n|upkeep\n|turn|4\n|j| BBJamin\n|inactive|isheavydead has 120 seconds left.\n|\n|t:|1599325741\n|switch|p1a: Blissey|Blissey, F|100\/100\n|move|p2a: Ninetales|Moonblast|p1a: Blissey\n|-damage|p1a: Blissey|90\/100\n|\n|-weather|Hail|[upkeep]\n|-damage|p1a: Blissey|84\/100|[from] Hail\n|upkeep\n|turn|5\n|l| BBJamin\n|\n|t:|1599325760\n|switch|p2a: Haxorus|Haxorus, F, shiny|100\/100\n|-ability|p2a: Haxorus|Mold Breaker\n|move|p1a: Blissey|Toxic|p2a: Haxorus\n|-status|p2a: Haxorus|tox\n|-enditem|p2a: Haxorus|Lum Berry|[eat]\n|-curestatus|p2a: Haxorus|tox|[msg]\n|\n|-weather|Hail|[upkeep]\n|-damage|p2a: Haxorus|94\/100|[from] Hail\n|-damage|p1a: Blissey|78\/100|[from] Hail\n|upkeep\n|turn|6\n|inactive|isheavydead has 120 seconds left.\n|\n|t:|1599325782\n|switch|p1a: Skarmory|Skarmory, M|100\/100\n|-damage|p1a: Skarmory|88\/100|[from] Stealth Rock\n|move|p2a: Haxorus|Scale Shot|p1a: Skarmory\n|-resisted|p1a: Skarmory\n|-damage|p1a: Skarmory|84\/100\n|-resisted|p1a: Skarmory\n|-damage|p1a: Skarmory|80\/100\n|-resisted|p1a: Skarmory\n|-damage|p1a: Skarmory|76\/100\n|-resisted|p1a: Skarmory\n|-damage|p1a: Skarmory|71\/100\n|-resisted|p1a: Skarmory\n|-damage|p1a: Skarmory|67\/100\n|-hitcount|p1a: Skarmory|5\n|-unboost|p2a: Haxorus|def|1\n|-boost|p2a: Haxorus|spe|1\n|\n|-weather|Hail|[upkeep]\n|-damage|p2a: Haxorus|88\/100|[from] Hail\n|-damage|p1a: Skarmory|61\/100|[from] Hail\n|upkeep\n|turn|7\n|\n|t:|1599325787\n|move|p2a: Haxorus|Swords Dance|p2a: Haxorus\n|-boost|p2a: Haxorus|atk|2\n|move|p1a: Skarmory|Roost|p1a: Skarmory\n|-heal|p1a: Skarmory|100\/100\n|-singleturn|p1a: Skarmory|move: Roost\n|\n|-weather|none\n|upkeep\n|turn|8\n|\n|t:|1599325794\n|move|p2a: Haxorus|Close Combat|p1a: Skarmory\n|-damage|p1a: Skarmory|48\/100\n|-unboost|p2a: Haxorus|def|1\n|-unboost|p2a: Haxorus|spd|1\n|move|p1a: Skarmory|Whirlwind|p2a: Haxorus\n|drag|p2a: Azumarill|Azumarill, M|100\/100\n|\n|upkeep\n|turn|9\n|\n|t:|1599325798\n|move|p2a: Azumarill|Belly Drum|p2a: Azumarill\n|-damage|p2a: Azumarill|50\/100\n|-setboost|p2a: Azumarill|atk|6|[from] move: Belly Drum\n|-enditem|p2a: Azumarill|Sitrus Berry|[eat]\n|-heal|p2a: Azumarill|75\/100|[from] item: Sitrus Berry\n|move|p1a: Skarmory|Whirlwind|p2a: Azumarill\n|drag|p2a: Haxorus|Haxorus, F, shiny|88\/100\n|-ability|p2a: Haxorus|Mold Breaker\n|\n|upkeep\n|turn|10\n|\n|t:|1599325803\n|move|p2a: Haxorus|Close Combat|p1a: Skarmory\n|-damage|p1a: Skarmory|21\/100\n|-unboost|p2a: Haxorus|def|1\n|-unboost|p2a: Haxorus|spd|1\n|move|p1a: Skarmory|Roost|p1a: Skarmory\n|-heal|p1a: Skarmory|71\/100\n|-singleturn|p1a: Skarmory|move: Roost\n|\n|-sideend|p2: isheavydead|move: Aurora Veil\n|upkeep\n|turn|11\n|\n|t:|1599325808\n|move|p2a: Haxorus|Swords Dance|p2a: Haxorus\n|-boost|p2a: Haxorus|atk|2\n|move|p1a: Skarmory|Body Press|p2a: Haxorus\n|-damage|p2a: Haxorus|29\/100\n|\n|upkeep\n|turn|12\n|\n|t:|1599325816\n|switch|p1a: Aegislash|Aegislash, M|100\/100\n|-damage|p1a: Aegislash|94\/100|[from] Stealth Rock\n|move|p2a: Haxorus|Close Combat|p1a: Aegislash\n|-immune|p1a: Aegislash\n|\n|upkeep\n|turn|13\n|\n|t:|1599325819\n|-formechange|p1a: Aegislash|Aegislash-Blade||[from] ability: Stance Change\n|move|p1a: Aegislash|Shadow Sneak|p2a: Haxorus\n|-damage|p2a: Haxorus|0 fnt\n|faint|p2a: Haxorus\n|\n|upkeep\n|\n|t:|1599325825\n|switch|p2a: Urshifu|Urshifu, M|100\/100\n|turn|14\n|\n|t:|1599325827\n|move|p2a: Urshifu|Bulk Up|p2a: Urshifu\n|-boost|p2a: Urshifu|atk|1\n|-boost|p2a: Urshifu|def|1\n|move|p1a: Aegislash|Close Combat|p2a: Urshifu\n|-supereffective|p2a: Urshifu\n|-damage|p2a: Urshifu|54\/100\n|-unboost|p1a: Aegislash|def|1\n|-unboost|p1a: Aegislash|spd|1\n|\n|upkeep\n|turn|15\n|j| LT74PF INTERNAL\n|\n|t:|1599325844\n|move|p1a: Aegislash|Shadow Sneak|p2a: Urshifu\n|-resisted|p2a: Urshifu\n|-damage|p2a: Urshifu|47\/100\n|move|p2a: Urshifu|Wicked Blow|p1a: Aegislash\n|-supereffective|p1a: Aegislash\n|-crit|p1a: Aegislash\n|-damage|p1a: Aegislash|0 fnt\n|faint|p1a: Aegislash\n|\n|upkeep\n|\n|t:|1599325849\n|switch|p1a: Toxapex|Toxapex, M|100\/100\n|-damage|p1a: Toxapex|88\/100|[from] Stealth Rock\n|turn|16\n|\n|t:|1599325863\n|move|p2a: Urshifu|Wicked Blow|p1a: Toxapex\n|-crit|p1a: Toxapex\n|-damage|p1a: Toxapex|24\/100\n|-damage|p2a: Urshifu|30\/100|[from] item: Rocky Helmet|[of] p1a: Toxapex\n|move|p1a: Toxapex|Scald|p2a: Urshifu\n|-damage|p2a: Urshifu|6\/100\n|\n|upkeep\n|turn|17\n|\n|t:|1599325882\n|switch|p1a: Skarmory|Skarmory, M|71\/100\n|-damage|p1a: Skarmory|59\/100|[from] Stealth Rock\n|move|p2a: Urshifu|Drain Punch|p1a: Skarmory\n|-damage|p1a: Skarmory|25\/100\n|-heal|p2a: Urshifu|23\/100|[from] drain|[of] p1a: Skarmory\n|\n|upkeep\n|turn|18\n|l| Cookieco\n|inactive|LT74PF IMP has 120 seconds left.\n|\n|t:|1599325920\n|move|p2a: Urshifu|Drain Punch|p1a: Skarmory\n|-damage|p1a: Skarmory|0 fnt\n|-heal|p2a: Urshifu|35\/100|[from] drain|[of] p1a: Skarmory\n|faint|p1a: Skarmory\n|\n|upkeep\n|\n|t:|1599325924\n|switch|p1a: Zarude|Zarude|95\/100\n|-damage|p1a: Zarude|82\/100|[from] Stealth Rock\n|turn|19\n|\n|t:|1599325928\n|move|p1a: Zarude|Power Whip|p2a: Urshifu\n|-damage|p2a: Urshifu|0 fnt\n|faint|p2a: Urshifu\n|\n|upkeep\n|\n|t:|1599325935\n|switch|p2a: Ninetales|Ninetales-Alola, F, shiny|63\/100\n|-weather|Hail|[from] ability: Snow Warning|[of] p2a: Ninetales\n|turn|20\n|\n|t:|1599325941\n|switch|p1a: Blissey|Blissey, F|78\/100\n|move|p2a: Ninetales|Moonblast|p1a: Blissey\n|-damage|p1a: Blissey|68\/100\n|\n|-weather|Hail|[upkeep]\n|-damage|p1a: Blissey|62\/100|[from] Hail\n|upkeep\n|turn|21\n|\n|t:|1599325952\n|switch|p2a: Azumarill|Azumarill, M|75\/100\n|move|p1a: Blissey|Toxic|p2a: Azumarill\n|-status|p2a: Azumarill|tox\n|\n|-weather|Hail|[upkeep]\n|-damage|p2a: Azumarill|69\/100 tox|[from] Hail\n|-damage|p1a: Blissey|56\/100|[from] Hail\n|-damage|p2a: Azumarill|63\/100 tox|[from] psn\n|upkeep\n|turn|22\n|\n|t:|1599325957\n|switch|p1a: Zarude|Zarude|82\/100\n|-damage|p1a: Zarude|70\/100|[from] Stealth Rock\n|move|p2a: Azumarill|Belly Drum|p2a: Azumarill\n|-damage|p2a: Azumarill|13\/100 tox\n|-setboost|p2a: Azumarill|atk|6|[from] move: Belly Drum\n|\n|-weather|Hail|[upkeep]\n|-damage|p1a: Zarude|64\/100|[from] Hail\n|-damage|p2a: Azumarill|7\/100 tox|[from] Hail\n|-damage|p2a: Azumarill|0 fnt|[from] psn\n|faint|p2a: Azumarill\n|upkeep\n|c|\u2606isheavydead|belly drum\n|c|\u2606isheavydead|into a forfeit\n|-message|isheavydead forfeited.\n|\n|win|LT74PF IMP\n|l|\u2606isheavydead\n|l| Bloodclat\n|raw|LT74PF IMP's rating: 1852 &rarr; <strong>1872<\/strong><br \/>(+20 for winning)\n|raw|isheavydead's rating: 1847 &rarr; <strong>1827<\/strong><br \/>(-20 for losing)\n|l|\u2606LT74PF IMP\n|l| lt74pf loren\n|j| the 18th hour\n","uploadtime":1599326444,"views":87,"p1id":"lt74pfimp","p2id":"isheavydead","formatid":"gen8ou","rating":1827,"private":0,"password":null}