{"id":"gen8ou-1501016773","p1":"Kobiisbetterthanu","p2":"Sombra Diurna","format":"gen8ou","log":"|j|\u2606Kobiisbetterthanu\n|j|\u2606Sombra Diurna\n|t:|1643510369\n|gametype|singles\n|player|p1|Kobiisbetterthanu|265|1664\n|player|p2|Sombra Diurna|blue|1768\n|teamsize|p1|6\n|teamsize|p2|6\n|gen|8\n|tier|[Gen 8] OU\n|rated|\n|rule|Sleep Clause Mod: Limit one foe put to sleep\n|rule|Species Clause: Limit one of each Pok\u00e9mon\n|rule|OHKO Clause: OHKO moves are banned\n|rule|Evasion Moves Clause: Evasion moves are banned\n|rule|Endless Battle Clause: Forcing endless battles is banned\n|rule|HP Percentage Mod: HP is shown in percentages\n|rule|Dynamax Clause: You cannot dynamax\n|clearpoke\n|poke|p1|Blaziken, M|\n|poke|p1|Rotom-Wash|\n|poke|p1|Galvantula, F|\n|poke|p1|Mamoswine, M|\n|poke|p1|Kommo-o, M|\n|poke|p1|Tapu Bulu|\n|poke|p2|Marowak-Alola, M|\n|poke|p2|Slowbro, M|\n|poke|p2|Hatterene, F|\n|poke|p2|Garchomp, M|\n|poke|p2|Ferrothorn, M|\n|poke|p2|Drampa, M|\n|teampreview\n|inactive|Battle timer is ON: inactive players will automatically lose when time's up. (requested by Kobiisbetterthanu)\n|j| qpmsk\n|\n|t:|1643510398\n|start\n|switch|p1a: Galvantula|Galvantula, F|100\/100\n|switch|p2a: Thorns|Ferrothorn, M|100\/100\n|turn|1\n|\n|t:|1643510409\n|move|p1a: Galvantula|Bug Buzz|p2a: Thorns\n|-damage|p2a: Thorns|74\/100\n|-unboost|p2a: Thorns|spd|1\n|move|p2a: Thorns|Stealth Rock|p1a: Galvantula\n|-sidestart|p1: Kobiisbetterthanu|move: Stealth Rock\n|\n|upkeep\n|turn|2\n|\n|t:|1643510416\n|switch|p2a: Billy B.|Marowak-Alola, M, shiny|100\/100\n|move|p1a: Galvantula|Thunder|p2a: Billy B.\n|-damage|p2a: Billy B.|37\/100\n|\n|upkeep\n|turn|3\n|\n|t:|1643510424\n|switch|p2a: Sharko|Garchomp, M|100\/100\n|move|p1a: Galvantula|Thunder|p2a: Sharko\n|-immune|p2a: Sharko\n|\n|upkeep\n|turn|4\n|l| qpmsk\n|\n|t:|1643510433\n|move|p1a: Galvantula|Bug Buzz|p2a: Sharko\n|-damage|p2a: Sharko|62\/100\n|move|p2a: Sharko|Scale Shot|p1a: Galvantula|[miss]\n|-miss|p2a: Sharko|p1a: Galvantula\n|\n|-heal|p2a: Sharko|68\/100|[from] item: Leftovers\n|upkeep\n|turn|5\n|\n|t:|1643510452\n|move|p1a: Galvantula|Bug Buzz|p2a: Sharko\n|-damage|p2a: Sharko|26\/100\n|move|p2a: Sharko|Scale Shot|p1a: Galvantula|[miss]\n|-miss|p2a: Sharko|p1a: Galvantula\n|\n|-heal|p2a: Sharko|32\/100|[from] item: Leftovers\n|upkeep\n|turn|6\n|c|\u2606Kobiisbetterthanu|damn\n|j| uyjhuhujuii\n|c|\u2606Kobiisbetterthanu|thats ggs\n|\n|t:|1643510475\n|switch|p2a: Billy B.|Marowak-Alola, M, shiny|37\/100\n|move|p1a: Galvantula|Bug Buzz|p2a: Billy B.\n|-resisted|p2a: Billy B.\n|-damage|p2a: Billy B.|25\/100\n|\n|upkeep\n|turn|7\n|\n|t:|1643510481\n|switch|p2a: Thorns|Ferrothorn, M|74\/100\n|move|p1a: Galvantula|Thunder|p2a: Thorns\n|-resisted|p2a: Thorns\n|-damage|p2a: Thorns|59\/100\n|-status|p2a: Thorns|par\n|\n|upkeep\n|turn|8\n|c|\u2606Sombra Diurna|pure fucking luck\n|\n|t:|1643510495\n|move|p1a: Galvantula|Bug Buzz|p2a: Thorns\n|-damage|p2a: Thorns|36\/100 par\n|move|p2a: Thorns|Leech Seed|p1a: Galvantula\n|-start|p1a: Galvantula|move: Leech Seed\n|\n|-damage|p1a: Galvantula|88\/100|[from] Leech Seed|[of] p2a: Thorns\n|-heal|p2a: Thorns|46\/100 par|[silent]\n|upkeep\n|turn|9\n|\n|t:|1643510501\n|switch|p1a: Blaziken|Blaziken, M|100\/100\n|-damage|p1a: Blaziken|88\/100|[from] Stealth Rock\n|switch|p2a: Gorra|Hatterene, F, shiny|100\/100\n|\n|upkeep\n|turn|10\n|\n|t:|1643510508\n|move|p1a: Blaziken|Flare Blitz|p2a: Gorra\n|-damage|p2a: Gorra|16\/100\n|-damage|p1a: Blaziken|59\/100|[from] Recoil\n|-damage|p1a: Blaziken|49\/100|[from] item: Life Orb\n|move|p2a: Gorra|Trick Room|p2a: Gorra\n|-fieldstart|move: Trick Room|[of] p2a: Gorra\n|\n|-ability|p1a: Blaziken|Speed Boost|boost\n|-boost|p1a: Blaziken|spe|1\n|upkeep\n|turn|11\n|\n|t:|1643510516\n|move|p1a: Blaziken|Protect|p1a: Blaziken\n|-singleturn|p1a: Blaziken|Protect\n|move|p2a: Gorra|Healing Wish|p2a: Gorra\n|faint|p2a: Gorra\n|\n|-ability|p1a: Blaziken|Speed Boost|boost\n|-boost|p1a: Blaziken|spe|1\n|upkeep\n|\n|t:|1643510523\n|switch|p2a: Billy B.|Marowak-Alola, M, shiny|25\/100\n|-heal|p2a: Billy B.|100\/100|[from] move: Healing Wish\n|turn|12\n|\n|t:|1643510528\n|move|p1a: Blaziken|Protect||[still]\n|-fail|p1a: Blaziken\n|move|p2a: Billy B.|Flare Blitz|p1a: Blaziken\n|-resisted|p1a: Blaziken\n|-damage|p1a: Blaziken|0 fnt\n|faint|p1a: Blaziken\n|\n|upkeep\n|\n|t:|1643510539\n|switch|p1a: Rotom|Rotom-Wash|100\/100\n|-damage|p1a: Rotom|88\/100|[from] Stealth Rock\n|turn|13\n|\n|t:|1643510547\n|switch|p2a: Falkor|Drampa, M|100\/100\n|move|p1a: Rotom|Hydro Pump|p2a: Falkor|[miss]\n|-miss|p1a: Rotom|p2a: Falkor\n|\n|-heal|p1a: Rotom|94\/100|[from] item: Leftovers\n|upkeep\n|turn|14\n|\n|t:|1643510554\n|move|p2a: Falkor|Hyper Voice|p1a: Rotom\n|-damage|p1a: Rotom|12\/100\n|-damage|p2a: Falkor|91\/100|[from] item: Life Orb\n|move|p1a: Rotom|Defog|p2a: Falkor\n|-unboost|p2a: Falkor|evasion|1\n|-sideend|p1: Kobiisbetterthanu|Stealth Rock|[from] move: Defog|[of] p1a: Rotom\n|\n|-heal|p1a: Rotom|18\/100|[from] item: Leftovers\n|-fieldend|move: Trick Room\n|upkeep\n|turn|15\n|\n|t:|1643510571\n|switch|p2a: Sharko|Garchomp, M|32\/100\n|move|p1a: Rotom|Hydro Pump|p2a: Sharko|[miss]\n|-miss|p1a: Rotom|p2a: Sharko\n|\n|-heal|p2a: Sharko|39\/100|[from] item: Leftovers\n|-heal|p1a: Rotom|24\/100|[from] item: Leftovers\n|upkeep\n|turn|16\n|\n|t:|1643510584\n|switch|p2a: Sonso|Slowbro, M|100\/100\n|move|p1a: Rotom|Hydro Pump|p2a: Sonso\n|-resisted|p2a: Sonso\n|-damage|p2a: Sonso|76\/100\n|\n|-heal|p1a: Rotom|30\/100|[from] item: Leftovers\n|upkeep\n|turn|17\n|\n|t:|1643510591\n|move|p1a: Rotom|Discharge|p2a: Sonso\n|-supereffective|p2a: Sonso\n|-damage|p2a: Sonso|3\/100\n|move|p2a: Sonso|Trick Room|p2a: Sonso\n|-fieldstart|move: Trick Room|[of] p2a: Sonso\n|\n|-heal|p1a: Rotom|37\/100|[from] item: Leftovers\n|upkeep\n|turn|18\n|\n|t:|1643510598\n|switch|p2a: Falkor|Drampa, M|91\/100\n|move|p1a: Rotom|Hydro Pump|p2a: Falkor\n|-resisted|p2a: Falkor\n|-damage|p2a: Falkor|65\/100\n|\n|-heal|p1a: Rotom|43\/100|[from] item: Leftovers\n|upkeep\n|turn|19\n|\n|t:|1643510605\n|move|p2a: Falkor|Hyper Voice|p1a: Rotom\n|-damage|p1a: Rotom|0 fnt\n|faint|p1a: Rotom\n|-damage|p2a: Falkor|55\/100|[from] item: Life Orb\n|\n|upkeep\n|\n|t:|1643510615\n|switch|p1a: Tapu Bulu|Tapu Bulu|100\/100\n|-fieldstart|move: Grassy Terrain|[from] ability: Grassy Surge|[of] p1a: Tapu Bulu\n|turn|20\n|\n|t:|1643510619\n|switch|p1a: Galvantula|Galvantula, F|88\/100\n|move|p2a: Falkor|Hyper Voice|p1a: Galvantula\n|-damage|p1a: Galvantula|0 fnt\n|faint|p1a: Galvantula\n|-damage|p2a: Falkor|45\/100|[from] item: Life Orb\n|\n|-heal|p2a: Falkor|51\/100|[from] Grassy Terrain\n|upkeep\n|\n|t:|1643510628\n|switch|p1a: Kommo-o|Kommo-o, M|100\/100\n|turn|21\n|\n|t:|1643510632\n|move|p2a: Falkor|Hyper Voice|p1a: Kommo-o\n|-damage|p1a: Kommo-o|22\/100\n|-damage|p2a: Falkor|42\/100|[from] item: Life Orb\n|move|p1a: Kommo-o|Close Combat|p2a: Falkor\n|-supereffective|p2a: Falkor\n|-damage|p2a: Falkor|0 fnt\n|-unboost|p1a: Kommo-o|def|1\n|-unboost|p1a: Kommo-o|spd|1\n|faint|p2a: Falkor\n|-damage|p1a: Kommo-o|13\/100|[from] item: Life Orb\n|\n|-heal|p1a: Kommo-o|19\/100|[from] Grassy Terrain\n|-fieldend|move: Trick Room\n|upkeep\n|\n|t:|1643510644\n|switch|p2a: Sonso|Slowbro, M|36\/100\n|turn|22\n|\n|t:|1643510648\n|switch|p2a: Thorns|Ferrothorn, M|46\/100 par\n|move|p1a: Kommo-o|Scale Shot|p2a: Thorns\n|-resisted|p2a: Thorns\n|-damage|p2a: Thorns|41\/100 par\n|-resisted|p2a: Thorns\n|-damage|p2a: Thorns|35\/100 par\n|-hitcount|p2a: Thorns|2\n|-unboost|p1a: Kommo-o|def|1\n|-boost|p1a: Kommo-o|spe|1\n|-damage|p1a: Kommo-o|9\/100|[from] item: Life Orb\n|\n|-heal|p1a: Kommo-o|15\/100|[from] Grassy Terrain\n|-heal|p2a: Thorns|41\/100 par|[from] Grassy Terrain\n|upkeep\n|turn|23\n|\n|t:|1643510670\n|switch|p2a: Sonso|Slowbro, M|69\/100\n|move|p1a: Kommo-o|Close Combat|p2a: Sonso\n|-resisted|p2a: Sonso\n|-damage|p2a: Sonso|48\/100\n|-unboost|p1a: Kommo-o|def|1\n|-unboost|p1a: Kommo-o|spd|1\n|-damage|p1a: Kommo-o|5\/100|[from] item: Life Orb\n|\n|-heal|p1a: Kommo-o|11\/100|[from] Grassy Terrain\n|-heal|p2a: Sonso|54\/100|[from] Grassy Terrain\n|upkeep\n|turn|24\n|\n|t:|1643510680\n|move|p1a: Kommo-o|Scale Shot|p2a: Sonso\n|-damage|p2a: Sonso|44\/100\n|-damage|p2a: Sonso|35\/100\n|-damage|p2a: Sonso|26\/100\n|-hitcount|p2a: Sonso|3\n|-unboost|p1a: Kommo-o|def|1\n|-boost|p1a: Kommo-o|spe|1\n|-damage|p1a: Kommo-o|1\/100|[from] item: Life Orb\n|move|p2a: Sonso|Trick Room|p2a: Sonso\n|-fieldstart|move: Trick Room|[of] p2a: Sonso\n|\n|-heal|p2a: Sonso|32\/100|[from] Grassy Terrain\n|-heal|p1a: Kommo-o|7\/100|[from] Grassy Terrain\n|-fieldend|move: Grassy Terrain\n|upkeep\n|turn|25\n|\n|t:|1643510694\n|move|p2a: Sonso|Scald|p1a: Kommo-o\n|-resisted|p1a: Kommo-o\n|-damage|p1a: Kommo-o|0 fnt\n|faint|p1a: Kommo-o\n|\n|upkeep\n|\n|t:|1643510698\n|switch|p1a: Tapu Bulu|Tapu Bulu|100\/100\n|-fieldstart|move: Grassy Terrain|[from] ability: Grassy Surge|[of] p1a: Tapu Bulu\n|turn|26\n|\n|t:|1643510703\n|switch|p2a: Thorns|Ferrothorn, M|41\/100 par\n|move|p1a: Tapu Bulu|Swords Dance|p1a: Tapu Bulu\n|-boost|p1a: Tapu Bulu|atk|2\n|\n|-heal|p2a: Thorns|47\/100 par|[from] Grassy Terrain\n|upkeep\n|turn|27\n|\n|t:|1643510710\n|move|p2a: Thorns|Gyro Ball|p1a: Tapu Bulu\n|-supereffective|p1a: Tapu Bulu\n|-damage|p1a: Tapu Bulu|0 fnt\n|faint|p1a: Tapu Bulu\n|\n|-heal|p2a: Thorns|53\/100 par|[from] Grassy Terrain\n|upkeep\n|\n|t:|1643510714\n|switch|p1a: Mamoswine|Mamoswine, M|100\/100\n|turn|28\n|\n|t:|1643510718\n|cant|p2a: Thorns|par\n|move|p1a: Mamoswine|Earthquake|p2a: Thorns\n|-damage|p2a: Thorns|31\/100 par\n|\n|-heal|p2a: Thorns|37\/100 par|[from] Grassy Terrain\n|-fieldend|move: Trick Room\n|upkeep\n|turn|29\n|c|\u2606Sombra Diurna|lol\n|\n|t:|1643510725\n|move|p1a: Mamoswine|Earthquake|p2a: Thorns\n|-damage|p2a: Thorns|13\/100 par\n|move|p2a: Thorns|Gyro Ball|p1a: Mamoswine\n|-supereffective|p1a: Mamoswine\n|-enditem|p1a: Mamoswine|Focus Sash\n|-damage|p1a: Mamoswine|1\/100\n|\n|-heal|p1a: Mamoswine|7\/100|[from] Grassy Terrain\n|-heal|p2a: Thorns|20\/100 par|[from] Grassy Terrain\n|upkeep\n|turn|30\n|\n|t:|1643510737\n|switch|p2a: Sonso|Slowbro, M|65\/100\n|move|p1a: Mamoswine|Earthquake|p2a: Sonso\n|-damage|p2a: Sonso|48\/100\n|\n|-heal|p1a: Mamoswine|13\/100|[from] Grassy Terrain\n|-heal|p2a: Sonso|54\/100|[from] Grassy Terrain\n|-fieldend|move: Grassy Terrain\n|upkeep\n|turn|31\n|\n|t:|1643510746\n|move|p1a: Mamoswine|Earthquake|p2a: Sonso\n|-damage|p2a: Sonso|20\/100\n|move|p2a: Sonso|Scald|p1a: Mamoswine\n|-supereffective|p1a: Mamoswine\n|-damage|p1a: Mamoswine|0 fnt\n|faint|p1a: Mamoswine\n|\n|win|Sombra Diurna\n|raw|Kobiisbetterthanu's rating: 1664 &rarr; <strong>1650<\/strong><br \/>(-14 for losing)\n|raw|Sombra Diurna's rating: 1768 &rarr; <strong>1782<\/strong><br \/>(+14 for winning)\n|l|\u2606Kobiisbetterthanu\n","uploadtime":1643510761,"views":65,"p1id":"kobiisbetterthanu","p2id":"sombradiurna","formatid":"gen8ou","rating":1650,"private":0,"password":null}