{"id":"gen8ou-1685923676","p1":"IIIodyne","p2":"the tacoman","format":"gen8ou","log":"|html|<div class=\"broadcast-blue\"><strong>[Gen 8] OU is currently suspecting Melmetal! For information on how to participate check out the <a href=\"https:\/\/www.smogon.com\/forums\/threads\/np-ss-ou-suspect-process-round-12-monster-mash.3709234\/\">suspect thread<\/a>.<\/strong><\/div>\n|j|\u2606IIIodyne\n|j|\u2606the tacoman\n|inactive|Battle timer is ON: inactive players will automatically lose when time's up.\n|t:|1665781917\n|gametype|singles\n|player|p1|IIIodyne|169|\n|player|p2|the tacoman|lance|\n|teamsize|p1|6\n|teamsize|p2|6\n|gen|8\n|tier|[Gen 8] OU\n|rated|Tournament battle\n|rule|Sleep Clause Mod: Limit one foe put to sleep\n|rule|Species Clause: Limit one of each Pok\u00e9mon\n|rule|OHKO Clause: OHKO moves are banned\n|rule|Evasion Items Clause: Evasion items are banned\n|rule|Evasion Moves Clause: Evasion moves are banned\n|rule|Endless Battle Clause: Forcing endless battles is banned\n|rule|HP Percentage Mod: HP is shown in percentages\n|rule|Dynamax Clause: You cannot dynamax\n|clearpoke\n|poke|p1|Snorlax, F|\n|poke|p1|Suicune|\n|poke|p1|Melmetal|\n|poke|p1|Victini|\n|poke|p1|Landorus-Therian, M|\n|poke|p1|Zapdos|\n|poke|p2|Mew|\n|poke|p2|Urshifu-*, M|\n|poke|p2|Garchomp, M|\n|poke|p2|Aegislash, M|\n|poke|p2|Volcarona, M|\n|poke|p2|Dragapult, M|\n|teampreview\n|j| Rokket2510\n|j| testingteams888\n|j| IllegalGorilla\n|l| testingteams888\n|j| cypherstest\n|inactive|IIIodyne has 120 seconds left.\n|inactive|the tacoman has 120 seconds left.\n|c|\u2606IIIodyne|hf\n|c|\u2606the tacoman|glhf\n|\n|t:|1665781953\n|start\n|switch|p1a: Landorus|Landorus-Therian, M|100\/100\n|switch|p2a: Mew|Mew|100\/100\n|-ability|p1a: Landorus|Intimidate|boost\n|-unboost|p2a: Mew|atk|1\n|turn|1\n|\n|t:|1665781960\n|move|p1a: Landorus|U-turn|p2a: Mew\n|-supereffective|p2a: Mew\n|-damage|p2a: Mew|57\/100\n|\n|t:|1665781962\n|switch|p1a: Victini|Victini|100\/100|[from]move: U-turn\n|move|p2a: Mew|Stealth Rock|p1a: Victini\n|-sidestart|p1: IIIodyne|move: Stealth Rock\n|\n|upkeep\n|turn|2\n|j| BigWes95\n|\n|t:|1665781967\n|move|p1a: Victini|V-create|p2a: Mew\n|-damage|p2a: Mew|0 fnt\n|-unboost|p1a: Victini|spe|1\n|-unboost|p1a: Victini|def|1\n|-unboost|p1a: Victini|spd|1\n|faint|p2a: Mew\n|\n|upkeep\n|\n|t:|1665781972\n|switch|p2a: Urshifu|Urshifu-Rapid-Strike, M|100\/100\n|turn|3\n|\n|t:|1665781975\n|switch|p1a: Suicune|Suicune|100\/100\n|-damage|p1a: Suicune|88\/100|[from] Stealth Rock\n|-ability|p1a: Suicune|Pressure\n|move|p2a: Urshifu|Surging Strikes|p1a: Suicune\n|-resisted|p1a: Suicune\n|-crit|p1a: Suicune\n|-damage|p1a: Suicune|82\/100\n|-resisted|p1a: Suicune\n|-crit|p1a: Suicune\n|-damage|p1a: Suicune|76\/100\n|-resisted|p1a: Suicune\n|-crit|p1a: Suicune\n|-damage|p1a: Suicune|71\/100\n|-hitcount|p1a: Suicune|3\n|\n|-heal|p1a: Suicune|77\/100|[from] item: Leftovers\n|upkeep\n|turn|4\n|\n|t:|1665782003\n|switch|p1a: Zapdos|Zapdos|100\/100\n|move|p2a: Urshifu|Thunder Punch|p1a: Zapdos\n|-damage|p1a: Zapdos|73\/100\n|\n|upkeep\n|turn|5\n|\n|t:|1665782011\n|move|p2a: Urshifu|Surging Strikes|p1a: Zapdos\n|-crit|p1a: Zapdos\n|-damage|p1a: Zapdos|53\/100\n|-crit|p1a: Zapdos\n|-damage|p1a: Zapdos|32\/100\n|-crit|p1a: Zapdos\n|-damage|p1a: Zapdos|11\/100\n|-hitcount|p1a: Zapdos|3\n|move|p1a: Zapdos|Hurricane|p2a: Urshifu\n|-supereffective|p2a: Urshifu\n|-damage|p2a: Urshifu|0 fnt\n|faint|p2a: Urshifu\n|\n|upkeep\n|j| Oh So Cynical\n|\n|t:|1665782025\n|switch|p2a: Volcarona|Volcarona, M, shiny|100\/100\n|turn|6\n|\n|t:|1665782027\n|move|p2a: Volcarona|Fiery Dance|p1a: Zapdos\n|-damage|p1a: Zapdos|0 fnt\n|faint|p1a: Zapdos\n|\n|upkeep\n|\n|t:|1665782031\n|switch|p1a: Victini|Victini|100\/100\n|-damage|p1a: Victini|76\/100|[from] Stealth Rock\n|turn|7\n|\n|t:|1665782034\n|switch|p2a: Garchomp|Garchomp, M|100\/100\n|move|p1a: Victini|V-create|p2a: Garchomp\n|-resisted|p2a: Garchomp\n|-damage|p2a: Garchomp|43\/100\n|-unboost|p1a: Victini|spe|1\n|-unboost|p1a: Victini|def|1\n|-unboost|p1a: Victini|spd|1\n|-damage|p1a: Victini|63\/100|[from] ability: Rough Skin|[of] p2a: Garchomp\n|\n|upkeep\n|turn|8\n|\n|t:|1665782044\n|move|p2a: Garchomp|Scale Shot|p1a: Victini\n|-damage|p1a: Victini|44\/100\n|-damage|p1a: Victini|24\/100\n|-damage|p1a: Victini|5\/100\n|-hitcount|p1a: Victini|3\n|-unboost|p2a: Garchomp|def|1\n|-boost|p2a: Garchomp|spe|1\n|move|p1a: Victini|V-create|p2a: Garchomp\n|-resisted|p2a: Garchomp\n|-damage|p2a: Garchomp|0 fnt\n|-unboost|p1a: Victini|spe|1\n|-unboost|p1a: Victini|def|1\n|-unboost|p1a: Victini|spd|1\n|-damage|p1a: Victini|0 fnt|[from] ability: Rough Skin|[of] p2a: Garchomp\n|faint|p2a: Garchomp\n|faint|p1a: Victini\n|\n|upkeep\n|\n|t:|1665782056\n|switch|p2a: Aegislash|Aegislash, M, shiny|100\/100\n|switch|p1a: Landorus|Landorus-Therian, M|100\/100\n|-damage|p1a: Landorus|88\/100|[from] Stealth Rock\n|-ability|p1a: Landorus|Intimidate|boost\n|-unboost|p2a: Aegislash|atk|1\n|turn|9\n|\n|t:|1665782065\n|move|p1a: Landorus|U-turn|p2a: Aegislash\n|-resisted|p2a: Aegislash\n|-damage|p2a: Aegislash|94\/100\n|\n|t:|1665782072\n|switch|p1a: Suicune|Suicune|77\/100|[from]move: U-turn\n|-damage|p1a: Suicune|65\/100|[from] Stealth Rock\n|-ability|p1a: Suicune|Pressure\n|-formechange|p2a: Aegislash|Aegislash-Blade||[from] ability: Stance Change\n|move|p2a: Aegislash|Flash Cannon|p1a: Suicune\n|-resisted|p1a: Suicune\n|-damage|p1a: Suicune|36\/100\n|\n|-heal|p1a: Suicune|42\/100|[from] item: Leftovers\n|upkeep\n|turn|10\n|\n|t:|1665782079\n|switch|p2a: Volcarona|Volcarona, M, shiny|100\/100\n|move|p1a: Suicune|Scald|p2a: Volcarona\n|-supereffective|p2a: Volcarona\n|-damage|p2a: Volcarona|46\/100\n|\n|-heal|p1a: Suicune|48\/100|[from] item: Leftovers\n|upkeep\n|turn|11\n|\n|t:|1665782084\n|move|p2a: Volcarona|Quiver Dance|p2a: Volcarona\n|-boost|p2a: Volcarona|spa|1\n|-boost|p2a: Volcarona|spd|1\n|-boost|p2a: Volcarona|spe|1\n|move|p1a: Suicune|Scald|p2a: Volcarona\n|-supereffective|p2a: Volcarona\n|-damage|p2a: Volcarona|9\/100\n|\n|-heal|p1a: Suicune|55\/100|[from] item: Leftovers\n|upkeep\n|turn|12\n|\n|t:|1665782089\n|move|p2a: Volcarona|Bug Buzz|p1a: Suicune\n|-damage|p1a: Suicune|2\/100\n|move|p1a: Suicune|Scald|p2a: Volcarona\n|-supereffective|p2a: Volcarona\n|-damage|p2a: Volcarona|0 fnt\n|faint|p2a: Volcarona\n|\n|-heal|p1a: Suicune|8\/100|[from] item: Leftovers\n|upkeep\n|\n|t:|1665782092\n|switch|p2a: Dragapult|Dragapult, M|100\/100\n|turn|13\n|\n|t:|1665782101\n|move|p2a: Dragapult|Dragon Darts|p1a: Suicune\n|-damage|p1a: Suicune|0 fnt\n|faint|p1a: Suicune\n|-damage|p2a: Dragapult|91\/100|[from] item: Life Orb\n|\n|upkeep\n|\n|t:|1665782107\n|switch|p1a: Landorus|Landorus-Therian, M|88\/100\n|-damage|p1a: Landorus|76\/100|[from] Stealth Rock\n|-ability|p1a: Landorus|Intimidate|boost\n|-fail|p2a: Dragapult|unboost|[from] ability: Clear Body|[of] p2a: Dragapult\n|turn|14\n|\n|t:|1665782111\n|move|p1a: Landorus|Knock Off|p2a: Dragapult\n|-supereffective|p2a: Dragapult\n|-crit|p2a: Dragapult\n|-damage|p2a: Dragapult|0 fnt\n|-enditem|p2a: Dragapult|Life Orb|[from] move: Knock Off|[of] p1a: Landorus\n|faint|p2a: Dragapult\n|\n|upkeep\n|\n|t:|1665782114\n|switch|p2a: Aegislash|Aegislash, M, shiny|94\/100\n|turn|15\n|\n|t:|1665782118\n|switch|p1a: Snorlax|Snorlax, F|100\/100\n|-damage|p1a: Snorlax|88\/100|[from] Stealth Rock\n|-formechange|p2a: Aegislash|Aegislash-Blade||[from] ability: Stance Change\n|move|p2a: Aegislash|Shadow Ball|p1a: Snorlax\n|-immune|p1a: Snorlax\n|\n|-heal|p1a: Snorlax|94\/100|[from] item: Leftovers\n|upkeep\n|turn|16\n|j|@Sww-Suwa\n|-message|the tacoman forfeited.\n|\n|win|IIIodyne\n|n|\u2606IIIodyne|iiiodyne\n|n|\u2606the tacoman|thetacoman\n|n| Rokket2510|rokket2510\n|n| IllegalGorilla|illegalgorilla\n|n| cypherstest|cypherstest\n|n| BigWes95|bigwes95\n|n| Oh So Cynical|ohsocynical\n|n| Sww-Suwa|swwsuwa\n|l|\u2606the tacoman\n|c|\u2606IIIodyne|gg\n","uploadtime":1665782131,"views":19,"p1id":"iiiodyne","p2id":"thetacoman","formatid":"gen8ou","rating":0,"private":0,"password":null}