{"id":"gen8ou-1227961440","p1":"70to90gxe","p2":"Contorted Lies","format":"gen8ou","log":"|j|\u260670to90gxe\n|j|\u2606Contorted Lies\n|t:|1605905800\n|player|p1|70to90gxe|lucas|1986\n|player|p2|Contorted Lies|170|1937\n|teamsize|p1|6\n|teamsize|p2|6\n|gametype|singles\n|gen|8\n|tier|[Gen 8] OU\n|rated|\n|clearpoke\n|poke|p1|Moltres|\n|poke|p1|Slowbro, F|\n|poke|p1|Urshifu-*, M|\n|poke|p1|Blissey, F|\n|poke|p1|Clefable, F|\n|poke|p1|Hippowdon, F|\n|poke|p2|Cinderace, F|\n|poke|p2|Tyranitar, F|\n|poke|p2|Excadrill, M|\n|poke|p2|Buzzwole|\n|poke|p2|Slowbro, F|\n|poke|p2|Magearna|\n|rule|Sleep Clause Mod: Limit one foe put to sleep\n|rule|Species Clause: Limit one of each Pok\u00e9mon\n|rule|OHKO Clause: OHKO moves are banned\n|rule|Evasion Moves Clause: Evasion moves are banned\n|rule|Endless Battle Clause: Forcing endless battles is banned\n|rule|HP Percentage Mod: HP is shown in percentages\n|rule|Dynamax Clause: You cannot dynamax\n|teampreview\n|j| beandonnn\n|\n|t:|1605905822\n|start\n|switch|p1a: Slowbro|Slowbro, F|100\/100\n|switch|p2a: Slowbro|Slowbro, F|100\/100\n|turn|1\n|\n|t:|1605905825\n|move|p2a: Slowbro|Scald|p1a: Slowbro\n|-resisted|p1a: Slowbro\n|-damage|p1a: Slowbro|85\/100\n|move|p1a: Slowbro|Future Sight|p2a: Slowbro\n|-start|p1a: Slowbro|move: Future Sight\n|\n|upkeep\n|turn|2\n|\n|t:|1605905829\n|move|p2a: Slowbro|Teleport|p2a: Slowbro\n|j| 0zorcNecropHADES\n|\n|t:|1605905833\n|switch|p2a: Magearna|Magearna|100\/100|[from]move: Teleport\n|move|p1a: Slowbro|Teleport|p1a: Slowbro\n|\n|t:|1605905838\n|switch|p1a: Hippowdon|Hippowdon, F|100\/100|[from]move: Teleport\n|-weather|Sandstorm|[from] ability: Sand Stream|[of] p1a: Hippowdon\n|\n|-weather|Sandstorm|[upkeep]\n|upkeep\n|turn|3\n|\n|t:|1605905842\n|switch|p2a: Slowbro|Slowbro, F|100\/100\n|move|p1a: Hippowdon|Earthquake|p2a: Slowbro\n|-damage|p2a: Slowbro|72\/100\n|\n|-weather|Sandstorm|[upkeep]\n|-damage|p2a: Slowbro|65\/100|[from] Sandstorm\n|-end|p2a: Slowbro|move: Future Sight\n|-resisted|p2a: Slowbro\n|-damage|p2a: Slowbro|44\/100\n|-heal|p2a: Slowbro|50\/100|[from] item: Leftovers\n|upkeep\n|turn|4\n|j| 3Fraken\n|\n|t:|1605905847\n|switch|p1a: Slowbro|Slowbro, F|100\/100\n|move|p2a: Slowbro|Scald|p1a: Slowbro\n|-resisted|p1a: Slowbro\n|-damage|p1a: Slowbro|85\/100\n|\n|-weather|Sandstorm|[upkeep]\n|-damage|p2a: Slowbro|44\/100|[from] Sandstorm\n|-damage|p1a: Slowbro|79\/100|[from] Sandstorm\n|-heal|p2a: Slowbro|50\/100|[from] item: Leftovers\n|upkeep\n|turn|5\n|\n|t:|1605905850\n|move|p2a: Slowbro|Scald|p1a: Slowbro\n|-resisted|p1a: Slowbro\n|-damage|p1a: Slowbro|63\/100\n|move|p1a: Slowbro|Future Sight|p2a: Slowbro\n|-start|p1a: Slowbro|move: Future Sight\n|\n|-weather|Sandstorm|[upkeep]\n|-damage|p2a: Slowbro|44\/100|[from] Sandstorm\n|-damage|p1a: Slowbro|57\/100|[from] Sandstorm\n|-heal|p2a: Slowbro|50\/100|[from] item: Leftovers\n|upkeep\n|turn|6\n|\n|t:|1605905855\n|move|p2a: Slowbro|Slack Off|p2a: Slowbro\n|-heal|p2a: Slowbro|99\/100\n|move|p1a: Slowbro|Teleport|p1a: Slowbro\n|j| blessed days\n|\n|t:|1605905858\n|switch|p1a: Urshifu|Urshifu, M|100\/100|[from]move: Teleport\n|\n|-weather|none\n|-heal|p2a: Slowbro|100\/100|[from] item: Leftovers\n|upkeep\n|turn|7\n|j| grue valencia\n|\n|t:|1605905865\n|switch|p2a: Magearna|Magearna|100\/100\n|move|p1a: Urshifu|Wicked Blow|p2a: Magearna\n|-resisted|p2a: Magearna\n|-crit|p2a: Magearna\n|-damage|p2a: Magearna|69\/100\n|\n|-end|p2a: Magearna|move: Future Sight\n|-resisted|p2a: Magearna\n|-damage|p2a: Magearna|57\/100\n|upkeep\n|turn|8\n|\n|t:|1605905871\n|switch|p1a: Blissey|Blissey, F|100\/100\n|switch|p2a: Buzzwole|Buzzwole|100\/100\n|\n|upkeep\n|turn|9\n|\n|t:|1605905876\n|switch|p2a: Tyranitar|Tyranitar, F|100\/100\n|-weather|Sandstorm|[from] ability: Sand Stream|[of] p2a: Tyranitar\n|switch|p1a: Moltres|Moltres|100\/100\n|\n|-weather|Sandstorm|[upkeep]\n|-damage|p1a: Moltres|94\/100|[from] Sandstorm\n|upkeep\n|turn|10\n|\n|t:|1605905883\n|switch|p1a: Hippowdon|Hippowdon, F|100\/100\n|switch|p2a: Slowbro|Slowbro, F|100\/100\n|\n|-weather|Sandstorm|[upkeep]\n|-damage|p2a: Slowbro|94\/100|[from] Sandstorm\n|-heal|p2a: Slowbro|100\/100|[from] item: Leftovers\n|upkeep\n|turn|11\n|j| jtaquille\n|\n|t:|1605905888\n|switch|p1a: Slowbro|Slowbro, F|90\/100\n|move|p2a: Slowbro|Scald|p1a: Slowbro\n|-resisted|p1a: Slowbro\n|-damage|p1a: Slowbro|75\/100\n|\n|-weather|Sandstorm|[upkeep]\n|-damage|p2a: Slowbro|94\/100|[from] Sandstorm\n|-damage|p1a: Slowbro|69\/100|[from] Sandstorm\n|-heal|p2a: Slowbro|100\/100|[from] item: Leftovers\n|upkeep\n|turn|12\n|\n|t:|1605905890\n|move|p2a: Slowbro|Scald|p1a: Slowbro\n|-resisted|p1a: Slowbro\n|-damage|p1a: Slowbro|54\/100\n|-status|p1a: Slowbro|brn\n|move|p1a: Slowbro|Future Sight|p2a: Slowbro\n|-start|p1a: Slowbro|move: Future Sight\n|\n|-weather|Sandstorm|[upkeep]\n|-damage|p2a: Slowbro|94\/100|[from] Sandstorm\n|-damage|p1a: Slowbro|47\/100 brn|[from] Sandstorm\n|-heal|p2a: Slowbro|100\/100|[from] item: Leftovers\n|-damage|p1a: Slowbro|41\/100 brn|[from] brn\n|upkeep\n|turn|13\n|\n|t:|1605905893\n|move|p2a: Slowbro|Teleport|p2a: Slowbro\n|\n|t:|1605905898\n|switch|p2a: Tyranitar|Tyranitar, F|100\/100|[from]move: Teleport\n|move|p1a: Slowbro|Teleport|p1a: Slowbro\n|\n|t:|1605905902\n|switch|p1a: Urshifu|Urshifu, M|100\/100|[from]move: Teleport\n|\n|-weather|none\n|upkeep\n|turn|14\n|l| beandonnn\n|\n|t:|1605905905\n|switch|p2a: Slowbro|Slowbro, F|100\/100\n|move|p1a: Urshifu|Wicked Blow|p2a: Slowbro\n|-supereffective|p2a: Slowbro\n|-crit|p2a: Slowbro\n|-damage|p2a: Slowbro|9\/100\n|\n|-end|p2a: Slowbro|move: Future Sight\n|-resisted|p2a: Slowbro\n|-damage|p2a: Slowbro|0 fnt\n|faint|p2a: Slowbro\n|upkeep\n|\n|t:|1605905908\n|switch|p2a: Cinderace|Cinderace, F|100\/100\n|turn|15\n|j| Pio00\n|\n|t:|1605905915\n|switch|p1a: Moltres|Moltres|94\/100\n|move|p2a: Cinderace|High Jump Kick|p1a: Moltres\n|-start|p2a: Cinderace|typechange|Fighting|[from] ability: Libero\n|-resisted|p1a: Moltres\n|-damage|p1a: Moltres|57\/100\n|\n|upkeep\n|turn|16\n|j| yakiimoo\n|j| gestort\n|\n|t:|1605905923\n|switch|p2a: Tyranitar|Tyranitar, F|100\/100\n|-weather|Sandstorm|[from] ability: Sand Stream|[of] p2a: Tyranitar\n|move|p1a: Moltres|Roost|p1a: Moltres\n|-heal|p1a: Moltres|100\/100\n|-singleturn|p1a: Moltres|move: Roost\n|\n|-weather|Sandstorm|[upkeep]\n|-damage|p1a: Moltres|94\/100|[from] Sandstorm\n|upkeep\n|turn|17\n|\n|t:|1605905926\n|switch|p1a: Hippowdon|Hippowdon, F|100\/100\n|move|p2a: Tyranitar|Crunch|p1a: Hippowdon\n|-damage|p1a: Hippowdon|49\/100\n|\n|-weather|Sandstorm|[upkeep]\n|upkeep\n|turn|18\n|\n|t:|1605905930\n|switch|p2a: Cinderace|Cinderace, F|100\/100\n|switch|p1a: Urshifu|Urshifu, M|100\/100\n|\n|-weather|Sandstorm|[upkeep]\n|-damage|p2a: Cinderace|95\/100|[from] Sandstorm\n|-damage|p1a: Urshifu|94\/100|[from] Sandstorm\n|upkeep\n|turn|19\n|\n|t:|1605905938\n|switch|p1a: Moltres|Moltres|94\/100\n|move|p2a: Cinderace|Pyro Ball|p1a: Moltres\n|-resisted|p1a: Moltres\n|-damage|p1a: Moltres|61\/100\n|\n|-weather|Sandstorm|[upkeep]\n|-damage|p2a: Cinderace|89\/100|[from] Sandstorm\n|-damage|p1a: Moltres|55\/100|[from] Sandstorm\n|upkeep\n|turn|20\n|\n|t:|1605905943\n|switch|p2a: Tyranitar|Tyranitar, F|100\/100\n|move|p1a: Moltres|Scorching Sands|p2a: Tyranitar\n|-supereffective|p2a: Tyranitar\n|-damage|p2a: Tyranitar|72\/100\n|\n|-weather|none\n|upkeep\n|turn|21\n|\n|t:|1605905950\n|switch|p1a: Slowbro|Slowbro, F|75\/100 brn\n|move|p2a: Tyranitar|Stone Edge|p1a: Slowbro\n|-damage|p1a: Slowbro|27\/100 brn\n|\n|-damage|p1a: Slowbro|21\/100 brn|[from] brn\n|upkeep\n|turn|22\n|\n|t:|1605905954\n|switch|p2a: Cinderace|Cinderace, F|89\/100\n|switch|p1a: Urshifu|Urshifu, M|94\/100\n|\n|upkeep\n|turn|23\n|j| Cragg\n|\n|t:|1605905961\n|switch|p1a: Moltres|Moltres|55\/100\n|move|p2a: Cinderace|Pyro Ball|p1a: Moltres\n|-resisted|p1a: Moltres\n|-damage|p1a: Moltres|19\/100\n|\n|upkeep\n|turn|24\n|\n|t:|1605905966\n|switch|p1a: Slowbro|Slowbro, F|54\/100 brn\n|move|p2a: Cinderace|Pyro Ball|p1a: Slowbro|[miss]\n|-miss|p2a: Cinderace|p1a: Slowbro\n|\n|-damage|p1a: Slowbro|48\/100 brn|[from] brn\n|upkeep\n|turn|25\n|\n|t:|1605905970\n|switch|p2a: Tyranitar|Tyranitar, F|72\/100\n|-weather|Sandstorm|[from] ability: Sand Stream|[of] p2a: Tyranitar\n|move|p1a: Slowbro|Teleport|p1a: Slowbro\n|\n|t:|1605905974\n|switch|p1a: Urshifu|Urshifu, M|94\/100|[from]move: Teleport\n|\n|-weather|Sandstorm|[upkeep]\n|-damage|p1a: Urshifu|88\/100|[from] Sandstorm\n|upkeep\n|turn|26\n|\n|t:|1605905978\n|switch|p1a: Clefable|Clefable, F|100\/100\n|switch|p2a: Buzzwole|Buzzwole|100\/100\n|\n|-weather|Sandstorm|[upkeep]\n|-damage|p2a: Buzzwole|94\/100|[from] Sandstorm\n|-heal|p2a: Buzzwole|100\/100|[from] item: Leftovers\n|upkeep\n|turn|27\n|\n|t:|1605905982\n|switch|p2a: Cinderace|Cinderace, F|89\/100\n|move|p1a: Clefable|Flamethrower|p2a: Cinderace\n|-resisted|p2a: Cinderace\n|-damage|p2a: Cinderace|75\/100\n|\n|-weather|Sandstorm|[upkeep]\n|-damage|p2a: Cinderace|69\/100|[from] Sandstorm\n|upkeep\n|turn|28\n|\n|t:|1605905986\n|switch|p1a: Slowbro|Slowbro, F|81\/100 brn\n|move|p2a: Cinderace|Pyro Ball|p1a: Slowbro\n|-resisted|p1a: Slowbro\n|-damage|p1a: Slowbro|58\/100 brn\n|\n|-weather|Sandstorm|[upkeep]\n|-damage|p2a: Cinderace|63\/100|[from] Sandstorm\n|-damage|p1a: Slowbro|52\/100 brn|[from] Sandstorm\n|-damage|p1a: Slowbro|45\/100 brn|[from] brn\n|upkeep\n|turn|29\n|\n|t:|1605905990\n|switch|p2a: Tyranitar|Tyranitar, F|72\/100\n|move|p1a: Slowbro|Teleport|p1a: Slowbro\n|\n|t:|1605905992\n|switch|p1a: Urshifu|Urshifu, M|88\/100|[from]move: Teleport\n|\n|-weather|none\n|upkeep\n|turn|30\n|\n|t:|1605905995\n|switch|p1a: Clefable|Clefable, F|100\/100\n|move|p2a: Tyranitar|Stone Edge|p1a: Clefable\n|-damage|p1a: Clefable|35\/100\n|\n|-heal|p1a: Clefable|41\/100|[from] item: Leftovers\n|upkeep\n|turn|31\n|\n|t:|1605906001\n|switch|p1a: Urshifu|Urshifu, M|88\/100\n|move|p2a: Tyranitar|Stone Edge|p1a: Urshifu\n|-resisted|p1a: Urshifu\n|-crit|p1a: Urshifu\n|-damage|p1a: Urshifu|26\/100\n|\n|upkeep\n|turn|32\n|\n|t:|1605906004\n|switch|p1a: Clefable|Clefable, F|41\/100\n|switch|p2a: Buzzwole|Buzzwole|100\/100\n|\n|-heal|p1a: Clefable|47\/100|[from] item: Leftovers\n|upkeep\n|turn|33\n|\n|t:|1605906007\n|switch|p2a: Cinderace|Cinderace, F|63\/100\n|move|p1a: Clefable|Soft-Boiled|p1a: Clefable\n|-heal|p1a: Clefable|97\/100\n|\n|-heal|p1a: Clefable|100\/100|[from] item: Leftovers\n|upkeep\n|turn|34\n|\n|t:|1605906011\n|switch|p1a: Slowbro|Slowbro, F|79\/100 brn\n|move|p2a: Cinderace|Pyro Ball|p1a: Slowbro\n|-resisted|p1a: Slowbro\n|-damage|p1a: Slowbro|54\/100 brn\n|\n|-damage|p1a: Slowbro|47\/100 brn|[from] brn\n|upkeep\n|turn|35\n|\n|t:|1605906018\n|switch|p2a: Tyranitar|Tyranitar, F|72\/100\n|-weather|Sandstorm|[from] ability: Sand Stream|[of] p2a: Tyranitar\n|move|p1a: Slowbro|Teleport|p1a: Slowbro\n|j| oophyte\n|\n|t:|1605906022\n|switch|p1a: Clefable|Clefable, F|100\/100|[from]move: Teleport\n|\n|-weather|Sandstorm|[upkeep]\n|upkeep\n|turn|36\n|\n|t:|1605906025\n|move|p2a: Tyranitar|Stone Edge|p1a: Clefable\n|-damage|p1a: Clefable|36\/100\n|move|p1a: Clefable|Moonblast|p2a: Tyranitar\n|-supereffective|p2a: Tyranitar\n|-damage|p2a: Tyranitar|28\/100\n|\n|-weather|Sandstorm|[upkeep]\n|-heal|p1a: Clefable|42\/100|[from] item: Leftovers\n|upkeep\n|turn|37\n|\n|t:|1605906032\n|switch|p1a: Hippowdon|Hippowdon, F|49\/100\n|move|p2a: Tyranitar|Stone Edge|p1a: Hippowdon\n|-resisted|p1a: Hippowdon\n|-damage|p1a: Hippowdon|17\/100\n|\n|-weather|Sandstorm|[upkeep]\n|upkeep\n|turn|38\n|\n|t:|1605906035\n|move|p2a: Tyranitar|Stone Edge|p1a: Hippowdon\n|-resisted|p1a: Hippowdon\n|-crit|p1a: Hippowdon\n|-damage|p1a: Hippowdon|0 fnt\n|faint|p1a: Hippowdon\n|\n|-weather|Sandstorm|[upkeep]\n|upkeep\n|\n|t:|1605906040\n|switch|p1a: Slowbro|Slowbro, F|81\/100 brn\n|turn|39\n|\n|t:|1605906044\n|switch|p2a: Magearna|Magearna|57\/100\n|move|p1a: Slowbro|Scald|p2a: Magearna\n|-damage|p2a: Magearna|43\/100\n|-status|p2a: Magearna|brn\n|\n|-weather|none\n|-damage|p2a: Magearna|36\/100 brn|[from] brn\n|-damage|p1a: Slowbro|75\/100 brn|[from] brn\n|upkeep\n|turn|40\n|\n|t:|1605906047\n|switch|p1a: Blissey|Blissey, F|100\/100\n|move|p2a: Magearna|Volt Switch|p1a: Blissey\n|-damage|p1a: Blissey|90\/100\n|\n|t:|1605906051\n|switch|p2a: Tyranitar|Tyranitar, F|28\/100|[from]move: Volt Switch\n|-weather|Sandstorm|[from] ability: Sand Stream|[of] p2a: Tyranitar\n|\n|-weather|Sandstorm|[upkeep]\n|-damage|p1a: Blissey|84\/100|[from] Sandstorm\n|upkeep\n|turn|41\n|\n|t:|1605906054\n|switch|p1a: Moltres|Moltres|19\/100\n|move|p2a: Tyranitar|Superpower|p1a: Moltres\n|-resisted|p1a: Moltres\n|-damage|p1a: Moltres|0 fnt\n|-unboost|p2a: Tyranitar|atk|1\n|-unboost|p2a: Tyranitar|def|1\n|faint|p1a: Moltres\n|\n|-weather|Sandstorm|[upkeep]\n|upkeep\n|\n|t:|1605906058\n|switch|p1a: Slowbro|Slowbro, F|100\/100 brn\n|turn|42\n|\n|t:|1605906062\n|switch|p2a: Magearna|Magearna|36\/100 brn\n|move|p1a: Slowbro|Scald|p2a: Magearna\n|-damage|p2a: Magearna|22\/100 brn\n|\n|-weather|Sandstorm|[upkeep]\n|-damage|p1a: Slowbro|94\/100 brn|[from] Sandstorm\n|-damage|p2a: Magearna|16\/100 brn|[from] brn\n|-damage|p1a: Slowbro|88\/100 brn|[from] brn\n|upkeep\n|turn|43\n|\n|t:|1605906067\n|move|p2a: Magearna|Volt Switch|p1a: Slowbro\n|-supereffective|p1a: Slowbro\n|-damage|p1a: Slowbro|32\/100 brn\n|\n|t:|1605906069\n|switch|p2a: Tyranitar|Tyranitar, F|28\/100|[from]move: Volt Switch\n|move|p1a: Slowbro|Teleport|p1a: Slowbro\n|\n|t:|1605906073\n|switch|p1a: Urshifu|Urshifu, M|26\/100|[from]move: Teleport\n|\n|-weather|Sandstorm|[upkeep]\n|-damage|p1a: Urshifu|20\/100|[from] Sandstorm\n|upkeep\n|turn|44\n|\n|t:|1605906076\n|switch|p2a: Buzzwole|Buzzwole|100\/100\n|move|p1a: Urshifu|Close Combat|p2a: Buzzwole\n|-resisted|p2a: Buzzwole\n|-damage|p2a: Buzzwole|78\/100\n|-unboost|p1a: Urshifu|def|1\n|-unboost|p1a: Urshifu|spd|1\n|\n|-weather|none\n|-heal|p2a: Buzzwole|84\/100|[from] item: Leftovers\n|upkeep\n|turn|45\n|\n|t:|1605906082\n|switch|p1a: Clefable|Clefable, F|42\/100\n|move|p2a: Buzzwole|Earthquake|p1a: Clefable\n|-damage|p1a: Clefable|19\/100\n|\n|-heal|p2a: Buzzwole|91\/100|[from] item: Leftovers\n|-heal|p1a: Clefable|25\/100|[from] item: Leftovers\n|upkeep\n|turn|46\n|\n|t:|1605906086\n|move|p2a: Buzzwole|Earthquake|p1a: Clefable\n|-damage|p1a: Clefable|1\/100\n|move|p1a: Clefable|Soft-Boiled|p1a: Clefable\n|-heal|p1a: Clefable|51\/100\n|\n|-heal|p2a: Buzzwole|97\/100|[from] item: Leftovers\n|-heal|p1a: Clefable|57\/100|[from] item: Leftovers\n|upkeep\n|turn|47\n|\n|t:|1605906089\n|switch|p2a: Excadrill|Excadrill, M|100\/100\n|move|p1a: Clefable|Flamethrower|p2a: Excadrill\n|-supereffective|p2a: Excadrill\n|-damage|p2a: Excadrill|46\/100\n|\n|-heal|p2a: Excadrill|52\/100|[from] item: Leftovers\n|-heal|p1a: Clefable|63\/100|[from] item: Leftovers\n|upkeep\n|turn|48\n|\n|t:|1605906092\n|switch|p1a: Slowbro|Slowbro, F|65\/100 brn\n|move|p2a: Excadrill|Iron Head|p1a: Slowbro\n|-resisted|p1a: Slowbro\n|-damage|p1a: Slowbro|52\/100 brn\n|-damage|p2a: Excadrill|35\/100|[from] item: Rocky Helmet|[of] p1a: Slowbro\n|\n|-heal|p2a: Excadrill|41\/100|[from] item: Leftovers\n|-damage|p1a: Slowbro|46\/100 brn|[from] brn\n|upkeep\n|turn|49\n|\n|t:|1605906099\n|switch|p2a: Magearna|Magearna|16\/100 brn\n|move|p1a: Slowbro|Scald|p2a: Magearna\n|-damage|p2a: Magearna|0 fnt\n|faint|p2a: Magearna\n|\n|-damage|p1a: Slowbro|40\/100 brn|[from] brn\n|upkeep\n|\n|t:|1605906100\n|switch|p2a: Tyranitar|Tyranitar, F|28\/100\n|-weather|Sandstorm|[from] ability: Sand Stream|[of] p2a: Tyranitar\n|turn|50\n|j| Mehagony\n|\n|t:|1605906110\n|switch|p1a: Blissey|Blissey, F|84\/100\n|move|p2a: Tyranitar|Crunch|p1a: Blissey\n|-damage|p1a: Blissey|20\/100\n|\n|-weather|Sandstorm|[upkeep]\n|-damage|p1a: Blissey|14\/100|[from] Sandstorm\n|upkeep\n|turn|51\n|\n|t:|1605906115\n|move|p2a: Tyranitar|Crunch|p1a: Blissey\n|-damage|p1a: Blissey|0 fnt\n|faint|p1a: Blissey\n|\n|-weather|Sandstorm|[upkeep]\n|upkeep\n|\n|t:|1605906119\n|switch|p1a: Clefable|Clefable, F|63\/100\n|turn|52\n|\n|t:|1605906122\n|switch|p2a: Excadrill|Excadrill, M|41\/100\n|move|p1a: Clefable|Moonblast|p2a: Excadrill\n|-resisted|p2a: Excadrill\n|-damage|p2a: Excadrill|22\/100\n|\n|-weather|Sandstorm|[upkeep]\n|-heal|p2a: Excadrill|28\/100|[from] item: Leftovers\n|-heal|p1a: Clefable|69\/100|[from] item: Leftovers\n|upkeep\n|turn|53\n|\n|t:|1605906130\n|move|p2a: Excadrill|Earthquake|p1a: Clefable\n|-crit|p1a: Clefable\n|-damage|p1a: Clefable|0 fnt\n|faint|p1a: Clefable\n|\n|-weather|Sandstorm|[upkeep]\n|-heal|p2a: Excadrill|34\/100|[from] item: Leftovers\n|upkeep\n|\n|t:|1605906141\n|switch|p1a: Urshifu|Urshifu, M|20\/100\n|turn|54\n|\n|t:|1605906147\n|switch|p1a: Slowbro|Slowbro, F|73\/100 brn\n|move|p2a: Excadrill|Earthquake|p1a: Slowbro\n|-damage|p1a: Slowbro|40\/100 brn\n|\n|-weather|none\n|-heal|p2a: Excadrill|40\/100|[from] item: Leftovers\n|-damage|p1a: Slowbro|34\/100 brn|[from] brn\n|upkeep\n|turn|55\n|\n|t:|1605906150\n|move|p2a: Excadrill|Earthquake|p1a: Slowbro\n|-damage|p1a: Slowbro|0 fnt\n|faint|p1a: Slowbro\n|\n|-heal|p2a: Excadrill|46\/100|[from] item: Leftovers\n|upkeep\n|-message|70to90gxe forfeited.\n|\n|win|Contorted Lies\n|l|\u260670to90gxe\n|l|\u2606Contorted Lies\n","uploadtime":1605906173,"views":249,"p1id":"70to90gxe","p2id":"contortedlies","formatid":"gen8ou","rating":0,"private":0,"password":null}