{"id":"gen8ou-1701383980","p1":"ohio boy","p2":"Steez Ibanez","format":"gen8ou","log":"|j|\u2606ohio boy\n|j|\u2606Steez Ibanez\n|t:|1667437035\n|gametype|singles\n|player|p1|ohio boy|169|1836\n|player|p2|Steez Ibanez|acetrainer-gen7|1784\n|teamsize|p1|6\n|teamsize|p2|6\n|gen|8\n|tier|[Gen 8] OU\n|rated|\n|rule|Sleep Clause Mod: Limit one foe put to sleep\n|rule|Species Clause: Limit one of each Pok\u00e9mon\n|rule|OHKO Clause: OHKO moves are banned\n|rule|Evasion Items Clause: Evasion items are banned\n|rule|Evasion Moves Clause: Evasion moves are banned\n|rule|Endless Battle Clause: Forcing endless battles is banned\n|rule|HP Percentage Mod: HP is shown in percentages\n|rule|Dynamax Clause: You cannot dynamax\n|clearpoke\n|poke|p1|Azelf|\n|poke|p1|Blacephalon|\n|poke|p1|Metagross|\n|poke|p1|Snorlax, M|\n|poke|p1|Landorus-Therian, M|\n|poke|p1|Cloyster, F|\n|poke|p2|Garchomp, M|\n|poke|p2|Volcarona, M|\n|poke|p2|Landorus-Therian, M|\n|poke|p2|Ferrothorn, M|\n|poke|p2|Tyranitar, M|\n|poke|p2|Alakazam, M|\n|teampreview\n|inactive|Battle timer is ON: inactive players will automatically lose when time's up. (requested by Steez Ibanez)\n|j| blooclipse \u273f\n|c| blooclipse \u273f|LOL\n|j| nightsuwu\n|\n|t:|1667437062\n|start\n|switch|p1a: Azelf|Azelf|100\/100\n|switch|p2a: Simba|Landorus-Therian, M|100\/100\n|-ability|p2a: Simba|Intimidate|boost\n|-unboost|p1a: Azelf|atk|1\n|turn|1\n|\n|t:|1667437068\n|move|p2a: Simba|U-turn|p1a: Azelf\n|-supereffective|p1a: Azelf\n|-damage|p1a: Azelf|30\/100\n|\n|t:|1667437071\n|switch|p2a: Cereal Killer|Alakazam, M|100\/100|[from]move: U-turn\n|move|p1a: Azelf|Stealth Rock|p2a: Cereal Killer\n|-sidestart|p2: Steez Ibanez|move: Stealth Rock\n|\n|upkeep\n|turn|2\n|\n|t:|1667437075\n|switch|p1a: Metagross|Metagross|100\/100\n|move|p2a: Cereal Killer|Encore||[still]\n|-fail|p2a: Cereal Killer\n|\n|upkeep\n|turn|3\n|\n|t:|1667437088\n|switch|p2a: Susano'o|Volcarona, M|100\/100\n|move|p1a: Metagross|Agility|p1a: Metagross\n|-boost|p1a: Metagross|spe|2\n|\n|upkeep\n|turn|4\n|\n|t:|1667437092\n|move|p1a: Metagross|Explosion|p2a: Susano'o\n|-damage|p2a: Susano'o|14\/100\n|faint|p1a: Metagross\n|move|p2a: Susano'o|Flamethrower|p1: Metagross|[notarget]\n|-fail|p2a: Susano'o\n|\n|upkeep\n|\n|t:|1667437095\n|switch|p1a: Blacephalon|Blacephalon|100\/100\n|turn|5\n|\n|t:|1667437105\n|move|p1a: Blacephalon|Shadow Ball|p2a: Susano'o\n|-damage|p2a: Susano'o|0 fnt\n|faint|p2a: Susano'o\n|-ability|p1a: Blacephalon|Beast Boost|boost\n|-boost|p1a: Blacephalon|spe|1\n|-damage|p1a: Blacephalon|91\/100|[from] item: Life Orb\n|\n|upkeep\n|\n|t:|1667437107\n|switch|p2a: Reptar|Tyranitar, M|100\/100\n|-weather|Sandstorm|[from] ability: Sand Stream|[of] p2a: Reptar\n|turn|6\n|\n|t:|1667437113\n|switch|p1a: Azelf|Azelf|30\/100\n|move|p2a: Reptar|Rock Blast|p1a: Azelf\n|-damage|p1a: Azelf|14\/100\n|-damage|p1a: Azelf|0 fnt\n|faint|p1a: Azelf\n|-hitcount|p1: Azelf|2\n|\n|-weather|Sandstorm|[upkeep]\n|upkeep\n|\n|t:|1667437119\n|switch|p1a: Landorus|Landorus-Therian, M|100\/100\n|-ability|p1a: Landorus|Intimidate|boost\n|-unboost|p2a: Reptar|atk|1\n|turn|7\n|\n|t:|1667437122\n|move|p1a: Landorus|Swords Dance|p1a: Landorus\n|-boost|p1a: Landorus|atk|2\n|move|p2a: Reptar|Ice Beam|p1a: Landorus\n|-supereffective|p1a: Landorus\n|-enditem|p1a: Landorus|Focus Sash\n|-damage|p1a: Landorus|1\/100\n|\n|-weather|Sandstorm|[upkeep]\n|upkeep\n|turn|8\n|\n|t:|1667437126\n|move|p1a: Landorus|Stone Edge|p2a: Reptar\n|-damage|p2a: Reptar|46\/100\n|move|p2a: Reptar|Stealth Rock|p1a: Landorus\n|-sidestart|p1: ohio boy|move: Stealth Rock\n|\n|-weather|Sandstorm|[upkeep]\n|upkeep\n|turn|9\n|\n|t:|1667437129\n|move|p1a: Landorus|Stone Edge|p2a: Reptar\n|-damage|p2a: Reptar|0 fnt\n|faint|p2a: Reptar\n|\n|-weather|Sandstorm|[upkeep]\n|upkeep\n|\n|t:|1667437131\n|switch|p2a: Cereal Killer|Alakazam, M|100\/100\n|turn|10\n|\n|t:|1667437133\n|move|p2a: Cereal Killer|Psyshock|p1a: Landorus\n|-damage|p1a: Landorus|0 fnt\n|faint|p1a: Landorus\n|\n|-weather|none\n|upkeep\n|\n|t:|1667437138\n|switch|p1a: Snorlax|Snorlax, M|100\/100\n|-damage|p1a: Snorlax|88\/100|[from] Stealth Rock\n|turn|11\n|l| nightsuwu\n|\n|t:|1667437148\n|move|p2a: Cereal Killer|Focus Blast|p1a: Snorlax|[miss]\n|-miss|p2a: Cereal Killer|p1a: Snorlax\n|move|p1a: Snorlax|Earthquake|p2a: Cereal Killer\n|-damage|p2a: Cereal Killer|17\/100\n|\n|upkeep\n|turn|12\n|\n|t:|1667437157\n|move|p2a: Cereal Killer|Focus Blast|p1a: Snorlax\n|-supereffective|p1a: Snorlax\n|-damage|p1a: Snorlax|23\/100\n|move|p1a: Snorlax|Darkest Lariat|p2a: Cereal Killer\n|-supereffective|p2a: Cereal Killer\n|-damage|p2a: Cereal Killer|0 fnt\n|faint|p2a: Cereal Killer\n|\n|upkeep\n|j| nightsuwu\n|\n|t:|1667437164\n|switch|p2a: Samehada|Garchomp, M|100\/100\n|-damage|p2a: Samehada|94\/100|[from] Stealth Rock\n|turn|13\n|j| BTLT007 Hamzeee\n|-enditem|p1a: Snorlax|Custap Berry|[eat]\n|-activate|p1a: Snorlax|item: Custap Berry|[consumed]\n|\n|t:|1667437166\n|move|p1a: Snorlax|Self-Destruct|p2a: Samehada\n|-damage|p2a: Samehada|1\/100\n|faint|p1a: Snorlax\n|move|p2a: Samehada|Earthquake|p1: Snorlax|[notarget]\n|-fail|p2a: Samehada\n|\n|-heal|p2a: Samehada|7\/100|[from] item: Leftovers\n|upkeep\n|\n|t:|1667437169\n|switch|p1a: Cloyster|Cloyster, F|100\/100\n|-damage|p1a: Cloyster|76\/100|[from] Stealth Rock\n|turn|14\n|\n|t:|1667437172\n|move|p2a: Samehada|Earthquake|p1a: Cloyster\n|-damage|p1a: Cloyster|32\/100\n|move|p1a: Cloyster|Shell Smash|p1a: Cloyster\n|-unboost|p1a: Cloyster|def|1\n|-unboost|p1a: Cloyster|spd|1\n|-boost|p1a: Cloyster|atk|2\n|-boost|p1a: Cloyster|spa|2\n|-boost|p1a: Cloyster|spe|2\n|\n|-heal|p2a: Samehada|13\/100|[from] item: Leftovers\n|upkeep\n|turn|15\n|\n|t:|1667437175\n|move|p1a: Cloyster|Icicle Spear|p2a: Samehada\n|-supereffective|p2a: Samehada\n|-damage|p2a: Samehada|0 fnt\n|faint|p2a: Samehada\n|-hitcount|p2: Samehada|1\n|\n|upkeep\n|\n|t:|1667437176\n|switch|p2a: Abomination|Ferrothorn, M|100\/100\n|-damage|p2a: Abomination|95\/100|[from] Stealth Rock\n|turn|16\n|\n|t:|1667437179\n|move|p1a: Cloyster|Icicle Spear|p2a: Abomination\n|-damage|p2a: Abomination|79\/100\n|-damage|p2a: Abomination|63\/100\n|-damage|p2a: Abomination|49\/100\n|-damage|p2a: Abomination|34\/100\n|-damage|p2a: Abomination|20\/100\n|-hitcount|p2a: Abomination|5\n|move|p2a: Abomination|Gyro Ball|p1a: Cloyster\n|-damage|p1a: Cloyster|0 fnt\n|faint|p1a: Cloyster\n|\n|upkeep\n|\n|t:|1667437180\n|switch|p1a: Blacephalon|Blacephalon|91\/100\n|-damage|p1a: Blacephalon|66\/100|[from] Stealth Rock\n|turn|17\n|\n|t:|1667437183\n|move|p1a: Blacephalon|Shadow Ball|p2a: Abomination\n|-damage|p2a: Abomination|0 fnt\n|faint|p2a: Abomination\n|-ability|p1a: Blacephalon|Beast Boost|boost\n|-boost|p1a: Blacephalon|spe|1\n|-damage|p1a: Blacephalon|56\/100|[from] item: Life Orb\n|\n|upkeep\n|\n|t:|1667437184\n|switch|p2a: Simba|Landorus-Therian, M|100\/100\n|-damage|p2a: Simba|88\/100|[from] Stealth Rock\n|-ability|p2a: Simba|Intimidate|boost\n|-unboost|p1a: Blacephalon|atk|1\n|turn|18\n|\n|t:|1667437187\n|move|p1a: Blacephalon|Fire Blast|p2a: Simba\n|-damage|p2a: Simba|0 fnt\n|faint|p2a: Simba\n|-damage|p1a: Blacephalon|46\/100|[from] item: Life Orb\n|\n|win|ohio boy\n|raw|ohio boy's rating: 1836 &rarr; <strong>1853<\/strong><br \/>(+17 for winning)\n|raw|Steez Ibanez's rating: 1784 &rarr; <strong>1767<\/strong><br \/>(-17 for losing)\n|c|\u2606ohio boy|gg\n","uploadtime":1667437194,"views":41,"p1id":"ohioboy","p2id":"steezibanez","formatid":"gen8ou","rating":1767,"private":0,"password":null}