{"id":"gen8ou-1683674006","p1":"minimax_ai","p2":"Capital Cruiser","format":"gen8ou","log":"|j|\u2606minimax_ai\n|j|\u203dCapital Cruiser\n|t:|1665550372\n|gametype|singles\n|player|p1|minimax_ai|lusamine-nihilego|1682\n|player|p2|Capital Cruiser|cheren-gen5bw2|1667\n|teamsize|p1|6\n|teamsize|p2|6\n|gen|8\n|tier|[Gen 8] OU\n|rated|\n|rule|Sleep Clause Mod: Limit one foe put to sleep\n|rule|Species Clause: Limit one of each Pok\u00e9mon\n|rule|OHKO Clause: OHKO moves are banned\n|rule|Evasion Items Clause: Evasion items are banned\n|rule|Evasion Moves Clause: Evasion moves are banned\n|rule|Endless Battle Clause: Forcing endless battles is banned\n|rule|HP Percentage Mod: HP is shown in percentages\n|rule|Dynamax Clause: You cannot dynamax\n|clearpoke\n|poke|p1|Rotom-Wash|\n|poke|p1|Weavile, F|\n|poke|p1|Landorus-Therian, M|\n|poke|p1|Heatran, M|\n|poke|p1|Tangrowth, F|\n|poke|p1|Melmetal|\n|poke|p2|Inteleon, F|\n|poke|p2|Dragapult, M|\n|poke|p2|Tapu Bulu|\n|poke|p2|Heatran, F|\n|poke|p2|Corviknight, F|\n|poke|p2|Ditto|\n|teampreview\n|inactive|Battle timer is ON: inactive players will automatically lose when time's up. (requested by Capital Cruiser)\n|c|\u2606minimax_ai|hf\n|inactive|minimax_ai also wants the timer to be on.\n|j| PANDA EXPRESS HR\n|\n|t:|1665550386\n|start\n|switch|p1a: Melmetal|Melmetal|100\/100\n|switch|p2a: Inteleon|Inteleon, F, shiny|100\/100\n|turn|1\n|\n|t:|1665550389\n|switch|p2a: Corviknight|Corviknight, F, shiny|100\/100\n|-ability|p2a: Corviknight|Pressure\n|move|p1a: Melmetal|Thunder Punch|p2a: Corviknight\n|-supereffective|p2a: Corviknight\n|-damage|p2a: Corviknight|61\/100\n|-damage|p1a: Melmetal|84\/100|[from] item: Rocky Helmet|[of] p2a: Corviknight\n|\n|upkeep\n|turn|2\n|\n|t:|1665550393\n|move|p2a: Corviknight|Roost|p2a: Corviknight\n|-heal|p2a: Corviknight|100\/100\n|-singleturn|p2a: Corviknight|move: Roost\n|move|p1a: Melmetal|Thunder Punch|p2a: Corviknight\n|-damage|p2a: Corviknight|81\/100\n|-damage|p1a: Melmetal|67\/100|[from] item: Rocky Helmet|[of] p2a: Corviknight\n|\n|upkeep\n|turn|3\n|\n|t:|1665550399\n|switch|p2a: Dragapult|Dragapult, M, shiny|100\/100\n|move|p1a: Melmetal|Ice Punch|p2a: Dragapult\n|-supereffective|p2a: Dragapult\n|-damage|p2a: Dragapult|11\/100\n|\n|upkeep\n|turn|4\n|-message|Capital Cruiser forfeited.\n|\n|win|minimax_ai\n|raw|minimax_ai's rating: 1682 &rarr; <strong>1701<\/strong><br \/>(+19 for winning)\n|raw|Capital Cruiser's rating: 1667 &rarr; <strong>1648<\/strong><br \/>(-19 for losing)\n|c|\u2606minimax_ai|gg\n|l|\u203dCapital Cruiser\n","uploadtime":1665550406,"views":13,"p1id":"minimaxai","p2id":"capitalcruiser","formatid":"gen8ou","rating":1648,"private":0,"password":null}