{"id":"gen81v1-1567891365","p1":"Eruza02","p2":"xskelly34","format":"gen81v1","log":"|j|\u2606Eruza02\n|j|\u2606xskelly34\n|t:|1651710466\n|gametype|singles\n|player|p1|Eruza02|169|1363\n|player|p2|xskelly34|bugsy|1256\n|teamsize|p1|3\n|teamsize|p2|3\n|gen|8\n|tier|[Gen 8] 1v1\n|rated|\n|rule|Species Clause: Limit one of each Pok\u00e9mon\n|rule|OHKO Clause: OHKO moves are banned\n|rule|Evasion Moves Clause: Evasion moves are banned\n|rule|Accuracy Moves Clause: Accuracy-lowering moves are banned\n|rule|HP Percentage Mod: HP is shown in percentages\n|rule|Dynamax Clause: You cannot dynamax\n|rule|Endless Battle Clause: Forcing endless battles is banned\n|clearpoke\n|poke|p1|Rillaboom, F|\n|poke|p1|Excadrill, F|\n|poke|p1|Naganadel|\n|poke|p2|Aggron, M|\n|poke|p2|Spectrier|\n|poke|p2|Aromatisse, F|\n|teampreview|1\n|inactive|Battle timer is ON: inactive players will automatically lose when time's up. (requested by Eruza02)\n|\n|t:|1651710497\n|start\n|switch|p1a: Excadrill|Excadrill, F|100\/100\n|switch|p2a: Aggron|Aggron, M|100\/100\n|-ability|p1a: Excadrill|Mold Breaker\n|turn|1\n|\n|t:|1651710510\n|move|p1a: Excadrill|Earthquake|p2a: Aggron\n|-supereffective|p2a: Aggron\n|-damage|p2a: Aggron|0 fnt\n|faint|p2a: Aggron\n|\n|win|Eruza02\n|raw|Eruza02's rating: 1363 &rarr; <strong>1377<\/strong><br \/>(+14 for winning)\n|raw|xskelly34's rating: 1256 &rarr; <strong>1238<\/strong><br \/>(-18 for losing)\n|l|\u2606xskelly34\n","uploadtime":1651710515,"views":8,"p1id":"eruza02","p2id":"xskelly34","formatid":"gen81v1","rating":1238,"private":0,"password":null}