{"id":"gen8ou-1579018246","p1":"superidiotguypass","p2":"Oryen","format":"gen8ou","log":"|j|\u2606superidiotguypass\n|j|\u2606Oryen\n|inactive|Battle timer is ON: inactive players will automatically lose when time's up.\n|t:|1653055479\n|gametype|singles\n|player|p1|superidiotguypass|170|\n|player|p2|Oryen|bruno-gen1|\n|teamsize|p1|6\n|teamsize|p2|6\n|gen|8\n|tier|[Gen 8] OU\n|rated|Tournament battle\n|rule|Sleep Clause Mod: Limit one foe put to sleep\n|rule|Species Clause: Limit one of each Pok\u00e9mon\n|rule|OHKO Clause: OHKO moves are banned\n|rule|Evasion Moves Clause: Evasion moves are banned\n|rule|Endless Battle Clause: Forcing endless battles is banned\n|rule|HP Percentage Mod: HP is shown in percentages\n|rule|Dynamax Clause: You cannot dynamax\n|clearpoke\n|poke|p1|Liepard, M|\n|poke|p1|Weavile, F|\n|poke|p1|Cursola, F|\n|poke|p1|Golisopod, F|\n|poke|p1|Garchomp, M|\n|poke|p1|Blaziken, F|\n|poke|p2|Musharna, M|\n|poke|p2|Lopunny, M|\n|poke|p2|Nidoking, M|\n|poke|p2|Trevenant, F|\n|poke|p2|Noivern, F|\n|poke|p2|Toxapex, M|\n|teampreview\n|j|*Lady Monita \u273f\n|j| RudideC\n|\n|t:|1653055492\n|start\n|switch|p1a: Liepard|Liepard, M|100\/100\n|switch|p2a: Lopunny|Lopunny, M|100\/100\n|turn|1\n|j| yo sup guys\n|j| FemboyShady\n|\n|t:|1653055510\n|move|p2a: Lopunny|Fake Out|p1a: Liepard\n|-damage|p1a: Liepard|67\/100\n|cant|p1a: Liepard|flinch\n|\n|upkeep\n|turn|2\n|j| TheHackerCat2\n|j| Bobify\n|j| Zirm_DB\n|\n|t:|1653055518\n|move|p1a: Liepard|Trick|p2a: Lopunny\n|-activate|p1a: Liepard|move: Trick|[of] p2a: Lopunny\n|-item|p2a: Lopunny|Choice Scarf|[from] move: Trick\n|-item|p1a: Liepard|Choice Scarf|[from] move: Trick\n|move|p2a: Lopunny|Close Combat|p1a: Liepard\n|-supereffective|p1a: Liepard\n|-damage|p1a: Liepard|0 fnt\n|-unboost|p2a: Lopunny|def|1\n|-unboost|p2a: Lopunny|spd|1\n|faint|p1a: Liepard\n|\n|upkeep\n|j| ghdorah\n|l| Zirm_DB\n|l| ghdorah\n|\n|t:|1653055537\n|switch|p1a: Cursola|Cursola, F|100\/100\n|turn|3\n|\n|t:|1653055546\n|move|p2a: Lopunny|Switcheroo|p1a: Cursola\n|-activate|p2a: Lopunny|move: Trick|[of] p1a: Cursola\n|-item|p1a: Cursola|Choice Scarf|[from] move: Switcheroo\n|-item|p2a: Lopunny|Power Herb|[from] move: Switcheroo\n|move|p1a: Cursola|Meteor Beam||[still]\n|-prepare|p1a: Cursola|Meteor Beam\n|-boost|p1a: Cursola|spa|1\n|\n|upkeep\n|turn|4\n|j| BlueDavinci\n|l| BlueDavinci\n|\n|t:|1653055558\n|move|p2a: Lopunny|Triple Axel|p1a: Cursola\n|-damage|p1a: Cursola|90\/100\n|-ability|p1a: Cursola|Weak Armor|boost\n|-unboost|p1a: Cursola|def|1\n|-boost|p1a: Cursola|spe|2\n|-damage|p1a: Cursola|56\/100\n|-ability|p1a: Cursola|Weak Armor|boost\n|-unboost|p1a: Cursola|def|1\n|-boost|p1a: Cursola|spe|2\n|-damage|p1a: Cursola|0 fnt\n|faint|p1a: Cursola\n|-hitcount|p1: Cursola|3\n|\n|upkeep\n|\n|t:|1653055572\n|switch|p1a: Blaziken|Blaziken, F|100\/100\n|turn|5\n|l| RudideC\n|\n|t:|1653055579\n|switch|p2a: Toxapex|Toxapex, M|100\/100\n|move|p1a: Blaziken|Swords Dance|p1a: Blaziken\n|-boost|p1a: Blaziken|atk|2\n|\n|-ability|p1a: Blaziken|Speed Boost|boost\n|-boost|p1a: Blaziken|spe|1\n|upkeep\n|turn|6\n|\n|t:|1653055586\n|move|p1a: Blaziken|Close Combat|p2a: Toxapex\n|-resisted|p2a: Toxapex\n|-damage|p2a: Toxapex|49\/100\n|-unboost|p1a: Blaziken|def|1\n|-unboost|p1a: Blaziken|spd|1\n|-damage|p1a: Blaziken|91\/100|[from] item: Life Orb\n|move|p2a: Toxapex|Haze|p2a: Toxapex\n|-clearallboost\n|\n|-heal|p2a: Toxapex|55\/100|[from] item: Black Sludge\n|-ability|p1a: Blaziken|Speed Boost|boost\n|-boost|p1a: Blaziken|spe|1\n|upkeep\n|turn|7\n|\n|t:|1653055595\n|switch|p1a: Garchomp|Garchomp, M|100\/100\n|move|p2a: Toxapex|Recover|p2a: Toxapex\n|-heal|p2a: Toxapex|100\/100\n|\n|upkeep\n|turn|8\n|\n|t:|1653055603\n|switch|p2a: Lopunny|Lopunny, M|100\/100\n|move|p1a: Garchomp|Stealth Rock|p2a: Lopunny\n|-sidestart|p2: Oryen|move: Stealth Rock\n|\n|upkeep\n|turn|9\n|\n|t:|1653055606\n|switch|p1a: Golisopod|Golisopod, F|100\/100\n|move|p2a: Lopunny|Triple Axel|p1a: Golisopod\n|-resisted|p1a: Golisopod\n|-damage|p1a: Golisopod|99\/100\n|-hitcount|p1a: Golisopod|1\n|\n|upkeep\n|turn|10\n|j| oeuf breaddd\n|j| charchar67\n|\n|t:|1653055616\n|move|p2a: Lopunny|Switcheroo|p1a: Golisopod\n|-activate|p2a: Lopunny|move: Trick|[of] p1a: Golisopod\n|-item|p1a: Golisopod|Power Herb|[from] move: Switcheroo\n|-item|p2a: Lopunny|Sitrus Berry|[from] move: Switcheroo\n|move|p1a: Golisopod|Spikes|p2a: Lopunny\n|-sidestart|p2: Oryen|Spikes\n|\n|upkeep\n|turn|11\n|j| watteerr\n|\n|t:|1653055622\n|switch|p2a: Noivern|Noivern, F|100\/100\n|move|p1a: Golisopod|Liquidation|p2a: Noivern\n|-resisted|p2a: Noivern\n|-damage|p2a: Noivern|67\/100\n|\n|upkeep\n|turn|12\n|\n|t:|1653055631\n|switch|p1a: Weavile|Weavile, F|100\/100\n|move|p2a: Noivern|Roost|p2a: Noivern\n|-heal|p2a: Noivern|100\/100\n|-singleturn|p2a: Noivern|move: Roost\n|\n|upkeep\n|turn|13\n|\n|t:|1653055636\n|switch|p2a: Toxapex|Toxapex, M|100\/100\n|-damage|p2a: Toxapex|88\/100|[from] Stealth Rock\n|-damage|p2a: Toxapex|75\/100|[from] Spikes\n|move|p1a: Weavile|Knock Off|p2a: Toxapex\n|-damage|p2a: Toxapex|44\/100\n|-enditem|p2a: Toxapex|Black Sludge|[from] move: Knock Off|[of] p1a: Weavile\n|\n|upkeep\n|turn|14\n|l| charchar67\n|j| Pinapple321\n|j| RudideC\n|\n|t:|1653055649\n|switch|p1a: Garchomp|Garchomp, M|100\/100\n|move|p2a: Toxapex|Recover|p2a: Toxapex\n|-heal|p2a: Toxapex|94\/100\n|\n|upkeep\n|turn|15\n|l| RudideC\n|\n|t:|1653055658\n|switch|p2a: Lopunny|Lopunny, M|100\/100\n|-damage|p2a: Lopunny|88\/100|[from] Stealth Rock\n|-damage|p2a: Lopunny|76\/100|[from] Spikes\n|move|p1a: Garchomp|Toxic|p2a: Lopunny\n|-status|p2a: Lopunny|tox\n|\n|-damage|p2a: Lopunny|70\/100 tox|[from] psn\n|upkeep\n|turn|16\n|\n|t:|1653055667\n|switch|p2a: Nidoking|Nidoking, M|100\/100\n|-damage|p2a: Nidoking|88\/100|[from] Spikes\n|-damage|p2a: Nidoking|82\/100|[from] Stealth Rock\n|switch|p1a: Golisopod|Golisopod, F|99\/100\n|\n|upkeep\n|turn|17\n|\n|t:|1653055671\n|move|p2a: Nidoking|Sludge Wave|p1a: Golisopod\n|-damage|p1a: Golisopod|29\/100\n|move|p1a: Golisopod|Liquidation|p2a: Nidoking\n|-supereffective|p2a: Nidoking\n|-damage|p2a: Nidoking|0 fnt\n|faint|p2a: Nidoking\n|\n|upkeep\n|\n|t:|1653055691\n|switch|p2a: Trevenant|Trevenant, F|100\/100\n|-damage|p2a: Trevenant|88\/100|[from] Stealth Rock\n|-damage|p2a: Trevenant|76\/100|[from] Spikes\n|turn|18\n|\n|t:|1653055700\n|move|p2a: Trevenant|Horn Leech|p1a: Golisopod\n|-damage|p1a: Golisopod|0 fnt\n|-heal|p2a: Trevenant|92\/100|[from] drain|[of] p1a: Golisopod\n|faint|p1a: Golisopod\n|\n|upkeep\n|\n|t:|1653055704\n|switch|p1a: Weavile|Weavile, F|100\/100\n|turn|19\n|\n|t:|1653055715\n|switch|p2a: Toxapex|Toxapex, M|94\/100\n|-damage|p2a: Toxapex|81\/100|[from] Spikes\n|-damage|p2a: Toxapex|69\/100|[from] Stealth Rock\n|move|p1a: Weavile|Knock Off|p2a: Toxapex\n|-damage|p2a: Toxapex|46\/100\n|\n|upkeep\n|turn|20\n|\n|t:|1653055719\n|switch|p1a: Garchomp|Garchomp, M|100\/100\n|move|p2a: Toxapex|Recover|p2a: Toxapex\n|-heal|p2a: Toxapex|96\/100\n|\n|upkeep\n|turn|21\n|j| arnavgupta\n|\n|t:|1653055724\n|move|p1a: Garchomp|Earthquake|p2a: Toxapex\n|-supereffective|p2a: Toxapex\n|-damage|p2a: Toxapex|37\/100\n|move|p2a: Toxapex|Toxic Spikes|p1a: Garchomp\n|-sidestart|p1: superidiotguypass|move: Toxic Spikes\n|\n|upkeep\n|turn|22\n|\n|t:|1653055732\n|switch|p2a: Noivern|Noivern, F|100\/100\n|move|p1a: Garchomp|Toxic|p2a: Noivern\n|-status|p2a: Noivern|tox\n|\n|-damage|p2a: Noivern|94\/100 tox|[from] psn\n|upkeep\n|turn|23\n|l| FemboyShady\n|\n|t:|1653055737\n|switch|p1a: Blaziken|Blaziken, F|91\/100\n|-status|p1a: Blaziken|psn\n|move|p2a: Noivern|Draco Meteor|p1a: Blaziken\n|-damage|p1a: Blaziken|2\/100 psn\n|-unboost|p2a: Noivern|spa|2\n|\n|-damage|p2a: Noivern|82\/100 tox|[from] psn\n|-damage|p1a: Blaziken|0 fnt|[from] psn\n|faint|p1a: Blaziken\n|upkeep\n|\n|t:|1653055739\n|switch|p1a: Weavile|Weavile, F|100\/100\n|-status|p1a: Weavile|psn\n|turn|24\n|\n|t:|1653055750\n|move|p1a: Weavile|Knock Off|p2a: Noivern\n|-damage|p2a: Noivern|19\/100 tox\n|-enditem|p2a: Noivern|Heavy-Duty Boots|[from] move: Knock Off|[of] p1a: Weavile\n|move|p2a: Noivern|Draco Meteor|p1a: Weavile\n|-damage|p1a: Weavile|61\/100 psn\n|-unboost|p2a: Noivern|spa|2\n|\n|-damage|p1a: Weavile|48\/100 psn|[from] psn\n|-damage|p2a: Noivern|1\/100 tox|[from] psn\n|upkeep\n|turn|25\n|\n|t:|1653055763\n|move|p1a: Weavile|Knock Off|p2a: Noivern\n|-damage|p2a: Noivern|0 fnt\n|faint|p2a: Noivern\n|\n|-damage|p1a: Weavile|36\/100 psn|[from] psn\n|upkeep\n|\n|t:|1653055766\n|switch|p2a: Toxapex|Toxapex, M|37\/100\n|-damage|p2a: Toxapex|24\/100|[from] Stealth Rock\n|-damage|p2a: Toxapex|12\/100|[from] Spikes\n|turn|26\n|l| oeuf breaddd\n|\n|t:|1653055792\n|move|p1a: Weavile|Knock Off|p2a: Toxapex\n|-damage|p2a: Toxapex|0 fnt\n|faint|p2a: Toxapex\n|\n|-damage|p1a: Weavile|23\/100 psn|[from] psn\n|upkeep\n|\n|t:|1653055794\n|switch|p2a: Lopunny|Lopunny, M|70\/100 tox\n|-damage|p2a: Lopunny|58\/100 tox|[from] Spikes\n|-damage|p2a: Lopunny|46\/100 tox|[from] Stealth Rock\n|turn|27\n|\n|t:|1653055799\n|switch|p1a: Garchomp|Garchomp, M|100\/100\n|-status|p1a: Garchomp|psn\n|move|p2a: Lopunny|Fake Out|p1a: Garchomp\n|-damage|p1a: Garchomp|88\/100 psn\n|-damage|p2a: Lopunny|34\/100 tox|[from] ability: Rough Skin|[of] p1a: Garchomp\n|-damage|p2a: Lopunny|17\/100 tox|[from] item: Rocky Helmet|[of] p1a: Garchomp\n|\n|-damage|p2a: Lopunny|11\/100 tox|[from] psn\n|-damage|p1a: Garchomp|76\/100 psn|[from] psn\n|upkeep\n|turn|28\n|\n|t:|1653055811\n|move|p2a: Lopunny|Triple Axel|p1a: Garchomp\n|-supereffective|p1a: Garchomp\n|-damage|p1a: Garchomp|58\/100 psn\n|-damage|p2a: Lopunny|0 fnt|[from] ability: Rough Skin|[of] p1a: Garchomp\n|faint|p2a: Lopunny\n|-hitcount|p1a: Garchomp|1\n|move|p1a: Garchomp|Earthquake|p2: Lopunny|[notarget]\n|-fail|p1a: Garchomp\n|\n|-damage|p1a: Garchomp|45\/100 psn|[from] psn\n|upkeep\n|\n|t:|1653055828\n|switch|p2a: Musharna|Musharna, M|100\/100\n|-damage|p2a: Musharna|88\/100|[from] Spikes\n|-damage|p2a: Musharna|76\/100|[from] Stealth Rock\n|turn|29\n|\n|t:|1653055837\n|move|p1a: Garchomp|Toxic||[still]\n|-status|p2a: Musharna|tox\n|-activate|p2a: Musharna|ability: Synchronize\n|-fail|p2a: Musharna\n|move|p2a: Musharna|Moonblast|p1a: Garchomp\n|-supereffective|p1a: Garchomp\n|-damage|p1a: Garchomp|0 fnt\n|faint|p1a: Garchomp\n|\n|-heal|p2a: Musharna|82\/100 tox|[from] item: Leftovers\n|-damage|p2a: Musharna|76\/100 tox|[from] psn\n|upkeep\n|\n|t:|1653055843\n|switch|p1a: Weavile|Weavile, F|23\/100 psn\n|turn|30\n|\n|t:|1653055846\n|move|p1a: Weavile|Knock Off|p2a: Musharna\n|-supereffective|p2a: Musharna\n|-damage|p2a: Musharna|14\/100 tox\n|-enditem|p2a: Musharna|Leftovers|[from] move: Knock Off|[of] p1a: Weavile\n|move|p2a: Musharna|Moonblast|p1a: Weavile\n|-supereffective|p1a: Weavile\n|-damage|p1a: Weavile|0 fnt\n|faint|p1a: Weavile\n|\n|win|Oryen\n|n|\u2606superidiotguypass|superidiotguypass\n|n|\u2606Oryen|oryen\n|n|*Lady Monita \u273f|ladymonita\n|n| yo sup guys|yosupguys\n|n| TheHackerCat2|thehackercat2\n|n| Bobify|bobify\n|n| watteerr|watteerr\n|n| Pinapple321|pinapple321\n|n| arnavgupta|arnavgupta\n","uploadtime":1653055847,"views":25,"p1id":"superidiotguypass","p2id":"oryen","formatid":"gen8ou","rating":0,"private":0,"password":null}