{"id":"gen8ou-1608003242","p1":"blade murphy","p2":"Makuryu","format":"gen8ou","log":"|j|\u2606blade murphy\n|j|\u2606Makuryu\n|t:|1656669094\n|gametype|singles\n|player|p1|blade murphy|olympia|1724\n|player|p2|Makuryu|koga|1810\n|teamsize|p1|6\n|teamsize|p2|6\n|gen|8\n|tier|[Gen 8] OU\n|rated|\n|rule|Sleep Clause Mod: Limit one foe put to sleep\n|rule|Species Clause: Limit one of each Pok\u00e9mon\n|rule|OHKO Clause: OHKO moves are banned\n|rule|Evasion Moves Clause: Evasion moves are banned\n|rule|Endless Battle Clause: Forcing endless battles is banned\n|rule|HP Percentage Mod: HP is shown in percentages\n|rule|Dynamax Clause: You cannot dynamax\n|clearpoke\n|poke|p1|Heatran, F|\n|poke|p1|Weavile, F|\n|poke|p1|Zapdos|\n|poke|p1|Dragapult, F|\n|poke|p1|Toxapex, F|\n|poke|p1|Landorus-Therian, M|\n|poke|p2|Nihilego|\n|poke|p2|Zapdos-Galar|\n|poke|p2|Kartana|\n|poke|p2|Celesteela|\n|poke|p2|Garchomp, M|\n|poke|p2|Tapu Fini|\n|teampreview\n|\n|t:|1656669105\n|start\n|switch|p1a: mad professor|Weavile, F, shiny|100\/100\n|switch|p2a: Garchomp|Garchomp, M|100\/100\n|-ability|p1a: mad professor|Pressure\n|turn|1\n|inactive|Battle timer is ON: inactive players will automatically lose when time's up. (requested by Makuryu)\n|\n|t:|1656669125\n|switch|p2a: Tapu Fini|Tapu Fini|100\/100\n|-fieldstart|move: Misty Terrain|[from] ability: Misty Surge|[of] p2a: Tapu Fini\n|move|p1a: mad professor|Icicle Crash|p2a: Tapu Fini\n|-resisted|p2a: Tapu Fini\n|-damage|p2a: Tapu Fini|85\/100\n|\n|-heal|p2a: Tapu Fini|91\/100|[from] item: Leftovers\n|upkeep\n|turn|2\n|\n|t:|1656669136\n|switch|p1a: slurp|Toxapex, F|100\/100\n|switch|p2a: Garchomp|Garchomp, M|100\/100\n|\n|upkeep\n|turn|3\n|\n|t:|1656669142\n|switch|p1a: damo suzuki|Landorus-Therian, M, shiny|100\/100\n|-ability|p1a: damo suzuki|Intimidate|boost\n|-unboost|p2a: Garchomp|atk|1\n|move|p2a: Garchomp|Stealth Rock|p1a: damo suzuki\n|-sidestart|p1: blade murphy|move: Stealth Rock\n|\n|upkeep\n|turn|4\n|\n|t:|1656669149\n|move|p2a: Garchomp|Toxic|p1a: damo suzuki\n|-status|p1a: damo suzuki|tox\n|move|p1a: damo suzuki|Stealth Rock|p2a: Garchomp\n|-sidestart|p2: Makuryu|move: Stealth Rock\n|\n|-damage|p1a: damo suzuki|94\/100 tox|[from] psn\n|upkeep\n|turn|5\n|\n|t:|1656669155\n|move|p2a: Garchomp|Fire Blast|p1a: damo suzuki\n|-damage|p1a: damo suzuki|80\/100 tox\n|move|p1a: damo suzuki|Earthquake|p2a: Garchomp\n|-damage|p2a: Garchomp|58\/100\n|\n|-heal|p1a: damo suzuki|86\/100 tox|[from] item: Leftovers\n|-damage|p1a: damo suzuki|74\/100 tox|[from] psn\n|-fieldend|Misty Terrain\n|upkeep\n|turn|6\n|\n|t:|1656669164\n|move|p2a: Garchomp|Fire Blast|p1a: damo suzuki\n|-damage|p1a: damo suzuki|60\/100 tox\n|move|p1a: damo suzuki|Toxic|p2a: Garchomp\n|-status|p2a: Garchomp|tox\n|\n|-heal|p1a: damo suzuki|66\/100 tox|[from] item: Leftovers\n|-damage|p2a: Garchomp|51\/100 tox|[from] psn\n|-damage|p1a: damo suzuki|48\/100 tox|[from] psn\n|upkeep\n|turn|7\n|j| Noir Z\n|\n|t:|1656669173\n|switch|p1a: slurp|Toxapex, F|100\/100\n|-damage|p1a: slurp|88\/100|[from] Stealth Rock\n|move|p2a: Garchomp|Fire Blast|p1a: slurp\n|-resisted|p1a: slurp\n|-damage|p1a: slurp|80\/100\n|\n|-damage|p2a: Garchomp|39\/100 tox|[from] psn\n|upkeep\n|turn|8\n|\n|t:|1656669186\n|move|p2a: Garchomp|Earthquake|p1a: slurp\n|-supereffective|p1a: slurp\n|-damage|p1a: slurp|48\/100\n|move|p1a: slurp|Recover|p1a: slurp\n|-heal|p1a: slurp|98\/100\n|\n|-damage|p2a: Garchomp|20\/100 tox|[from] psn\n|upkeep\n|turn|9\n|\n|t:|1656669205\n|switch|p2a: Tapu Fini|Tapu Fini|91\/100\n|-damage|p2a: Tapu Fini|79\/100|[from] Stealth Rock\n|-fieldstart|move: Misty Terrain|[from] ability: Misty Surge|[of] p2a: Tapu Fini\n|move|p1a: slurp|Toxic Spikes|p2a: Tapu Fini\n|-sidestart|p2: Makuryu|move: Toxic Spikes\n|\n|-heal|p2a: Tapu Fini|85\/100|[from] item: Leftovers\n|upkeep\n|turn|10\n|l| Noir Z\n|j| JJ09LIE\n|\n|t:|1656669213\n|move|p2a: Tapu Fini|Calm Mind|p2a: Tapu Fini\n|-boost|p2a: Tapu Fini|spa|1\n|-boost|p2a: Tapu Fini|spd|1\n|move|p1a: slurp|Knock Off|p2a: Tapu Fini\n|-resisted|p2a: Tapu Fini\n|-damage|p2a: Tapu Fini|80\/100\n|-enditem|p2a: Tapu Fini|Leftovers|[from] move: Knock Off|[of] p1a: slurp\n|\n|upkeep\n|turn|11\n|\n|t:|1656669220\n|move|p2a: Tapu Fini|Taunt|p1a: slurp\n|-start|p1a: slurp|move: Taunt\n|cant|p1a: slurp|move: Taunt|Haze\n|\n|upkeep\n|turn|12\n|\n|t:|1656669224\n|switch|p1a: camel orange|Heatran, F|100\/100\n|-damage|p1a: camel orange|88\/100|[from] Stealth Rock\n|move|p2a: Tapu Fini|Calm Mind|p2a: Tapu Fini\n|-boost|p2a: Tapu Fini|spa|1\n|-boost|p2a: Tapu Fini|spd|1\n|\n|-heal|p1a: camel orange|94\/100|[from] item: Leftovers\n|upkeep\n|turn|13\n|j| Offence King 777\n|\n|t:|1656669232\n|move|p2a: Tapu Fini|Scald|p1a: camel orange\n|-supereffective|p1a: camel orange\n|-damage|p1a: camel orange|21\/100\n|move|p1a: camel orange|Magma Storm|p2a: Tapu Fini|[miss]\n|-miss|p1a: camel orange|p2a: Tapu Fini\n|\n|-heal|p1a: camel orange|27\/100|[from] item: Leftovers\n|-fieldend|Misty Terrain\n|upkeep\n|turn|14\n|\n|t:|1656669240\n|move|p2a: Tapu Fini|Scald|p1a: camel orange\n|-supereffective|p1a: camel orange\n|-damage|p1a: camel orange|0 fnt\n|faint|p1a: camel orange\n|\n|upkeep\n|\n|t:|1656669246\n|switch|p1a: dorian electra|Zapdos|100\/100\n|turn|15\n|j| IanStone\n|\n|t:|1656669264\n|move|p1a: dorian electra|Volt Switch|p2a: Tapu Fini\n|-supereffective|p2a: Tapu Fini\n|-damage|p2a: Tapu Fini|59\/100\n|\n|t:|1656669267\n|switch|p1a: slurp|Toxapex, F|100\/100|[from]move: Volt Switch\n|-damage|p1a: slurp|88\/100|[from] Stealth Rock\n|move|p2a: Tapu Fini|Scald|p1a: slurp\n|-resisted|p1a: slurp\n|-damage|p1a: slurp|67\/100\n|\n|upkeep\n|turn|16\n|\n|t:|1656669275\n|move|p2a: Tapu Fini|Taunt|p1a: slurp\n|-start|p1a: slurp|move: Taunt\n|cant|p1a: slurp|move: Taunt|Haze\n|\n|upkeep\n|turn|17\n|\n|t:|1656669279\n|move|p2a: Tapu Fini|Calm Mind|p2a: Tapu Fini\n|-boost|p2a: Tapu Fini|spa|1\n|-boost|p2a: Tapu Fini|spd|1\n|move|p1a: slurp|Knock Off|p2a: Tapu Fini\n|-resisted|p2a: Tapu Fini\n|-damage|p2a: Tapu Fini|55\/100\n|\n|upkeep\n|turn|18\n|-message|blade murphy forfeited.\n|\n|win|Makuryu\n|raw|blade murphy's rating: 1724 &rarr; <strong>1709<\/strong><br \/>(-15 for losing)\n|raw|Makuryu's rating: 1810 &rarr; <strong>1825<\/strong><br \/>(+15 for winning)\n|l|\u2606blade murphy\n|l| JJ09LIE\n|l|\u2606Makuryu\n","uploadtime":1656669618,"views":19,"p1id":"blademurphy","p2id":"makuryu","formatid":"gen8ou","rating":1709,"private":0,"password":null}