{"id":"gen8ou-1292749586","p1":"friedfreak","p2":"Ahsan-219","format":"gen8ou","log":"|j|\u2606friedfreak\n|j|\u2606Ahsan-219\n|t:|1614676052\n|player|p1|friedfreak|1|1921\n|player|p2|Ahsan-219|clemont|1825\n|teamsize|p1|6\n|teamsize|p2|6\n|gametype|singles\n|gen|8\n|tier|[Gen 8] OU\n|rated|\n|clearpoke\n|poke|p1|Magnezone|\n|poke|p1|Kartana|\n|poke|p1|Landorus-Therian, M|\n|poke|p1|Corviknight, M|\n|poke|p1|Tapu Fini|\n|poke|p1|Heatran, M|\n|poke|p2|Dragapult, F|\n|poke|p2|Buzzwole|\n|poke|p2|Latios, M|\n|poke|p2|Excadrill, M|\n|poke|p2|Tapu Lele|\n|poke|p2|Toxapex, M|\n|rule|Sleep Clause Mod: Limit one foe put to sleep\n|rule|Species Clause: Limit one of each Pok\u00e9mon\n|rule|OHKO Clause: OHKO moves are banned\n|rule|Evasion Moves Clause: Evasion moves are banned\n|rule|Endless Battle Clause: Forcing endless battles is banned\n|rule|HP Percentage Mod: HP is shown in percentages\n|rule|Dynamax Clause: You cannot dynamax\n|teampreview\n|\n|t:|1614676066\n|start\n|switch|p1a: Landorus|Landorus-Therian, M|100\/100\n|switch|p2a: Tapu Lele|Tapu Lele|100\/100\n|-fieldstart|move: Psychic Terrain|[from] ability: Psychic Surge|[of] p2a: Tapu Lele\n|-ability|p1a: Landorus|Intimidate|boost\n|-unboost|p2a: Tapu Lele|atk|1\n|turn|1\n|inactive|Battle timer is ON: inactive players will automatically lose when time's up. (requested by Ahsan-219)\n|\n|t:|1614676079\n|switch|p1a: Heatran|Heatran, M|100\/100\n|move|p2a: Tapu Lele|Psychic|p1a: Heatran\n|-resisted|p1a: Heatran\n|-damage|p1a: Heatran|83\/100\n|\n|-heal|p1a: Heatran|89\/100|[from] item: Leftovers\n|upkeep\n|turn|2\n|j| eZ Bro\n|\n|t:|1614676084\n|switch|p2a: Latios|Latios, M|100\/100\n|move|p1a: Heatran|Stealth Rock|p2a: Latios\n|-sidestart|p2: Ahsan-219|move: Stealth Rock\n|\n|-heal|p1a: Heatran|96\/100|[from] item: Leftovers\n|upkeep\n|turn|3\n|\n|t:|1614676094\n|move|p1a: Heatran|Protect|p1a: Heatran\n|-singleturn|p1a: Heatran|Protect\n|move|p2a: Latios|Calm Mind|p2a: Latios\n|-boost|p2a: Latios|spa|1\n|-boost|p2a: Latios|spd|1\n|\n|-heal|p1a: Heatran|100\/100|[from] item: Leftovers\n|upkeep\n|turn|4\n|j| Throwaway8362917uu\n|\n|t:|1614676108\n|switch|p1a: Tapu Fini|Tapu Fini|100\/100\n|-fieldstart|move: Misty Terrain|[from] ability: Misty Surge|[of] p1a: Tapu Fini\n|move|p2a: Latios|Calm Mind|p2a: Latios\n|-boost|p2a: Latios|spa|1\n|-boost|p2a: Latios|spd|1\n|\n|upkeep\n|turn|5\n|\n|t:|1614676113\n|move|p2a: Latios|Thunderbolt|p1a: Tapu Fini\n|-supereffective|p1a: Tapu Fini\n|-damage|p1a: Tapu Fini|0 fnt\n|-damage|p2a: Latios|91\/100|[from] item: Life Orb\n|faint|p1a: Tapu Fini\n|\n|upkeep\n|\n|t:|1614676118\n|switch|p1a: Landorus|Landorus-Therian, M|100\/100\n|-ability|p1a: Landorus|Intimidate|boost\n|-unboost|p2a: Latios|atk|1\n|turn|6\n|j| epsilon_xd\n|\n|t:|1614676126\n|move|p1a: Landorus|Knock Off|p2a: Latios\n|-supereffective|p2a: Latios\n|-damage|p2a: Latios|0 fnt\n|-enditem|p2a: Latios|Life Orb|[from] move: Knock Off|[of] p1a: Landorus\n|faint|p2a: Latios\n|\n|upkeep\n|\n|t:|1614676143\n|switch|p2a: Toxapex|Toxapex, M|100\/100\n|-damage|p2a: Toxapex|88\/100|[from] Stealth Rock\n|turn|7\n|\n|t:|1614676157\n|switch|p1a: Corviknight|Corviknight, M|100\/100\n|-ability|p1a: Corviknight|Pressure\n|move|p2a: Toxapex|Knock Off|p1a: Corviknight\n|-damage|p1a: Corviknight|92\/100\n|-damage|p2a: Toxapex|72\/100|[from] item: Rocky Helmet|[of] p1a: Corviknight\n|-enditem|p1a: Corviknight|Rocky Helmet|[from] move: Knock Off|[of] p2a: Toxapex\n|\n|-heal|p2a: Toxapex|78\/100|[from] item: Black Sludge\n|upkeep\n|turn|8\n|\n|t:|1614676167\n|move|p1a: Corviknight|U-turn|p2a: Toxapex\n|-resisted|p2a: Toxapex\n|-damage|p2a: Toxapex|72\/100\n|\n|t:|1614676171\n|switch|p1a: Magnezone|Magnezone|100\/100|[from]move: U-turn\n|move|p2a: Toxapex|Scald|p1a: Magnezone\n|-damage|p1a: Magnezone|80\/100\n|\n|-heal|p2a: Toxapex|78\/100|[from] item: Black Sludge\n|-fieldend|Misty Terrain\n|upkeep\n|turn|9\n|\n|t:|1614676184\n|switch|p2a: Excadrill|Excadrill, M|100\/100\n|-damage|p2a: Excadrill|97\/100|[from] Stealth Rock\n|-ability|p2a: Excadrill|Mold Breaker\n|move|p1a: Magnezone|Flash Cannon|p2a: Excadrill\n|-resisted|p2a: Excadrill\n|-damage|p2a: Excadrill|68\/100\n|\n|-heal|p2a: Excadrill|74\/100|[from] item: Leftovers\n|upkeep\n|turn|10\n|j| jbisokwbf\n|\n|t:|1614676192\n|switch|p1a: Corviknight|Corviknight, M|92\/100\n|-ability|p1a: Corviknight|Pressure\n|move|p2a: Excadrill|Rapid Spin|p1a: Corviknight\n|-resisted|p1a: Corviknight\n|-damage|p1a: Corviknight|88\/100\n|-boost|p2a: Excadrill|spe|1\n|-sideend|p2: Ahsan-219|Stealth Rock|[from] move: Rapid Spin|[of] p2a: Excadrill\n|\n|-heal|p2a: Excadrill|80\/100|[from] item: Leftovers\n|upkeep\n|turn|11\n|\n|t:|1614676201\n|move|p2a: Excadrill|Stealth Rock|p1a: Corviknight\n|-sidestart|p1: friedfreak|move: Stealth Rock\n|move|p1a: Corviknight|U-turn|p2a: Excadrill\n|-resisted|p2a: Excadrill\n|-damage|p2a: Excadrill|71\/100\n|\n|t:|1614676204\n|switch|p1a: Landorus|Landorus-Therian, M|100\/100|[from]move: U-turn\n|-damage|p1a: Landorus|88\/100|[from] Stealth Rock\n|-ability|p1a: Landorus|Intimidate|boost\n|-unboost|p2a: Excadrill|atk|1\n|\n|-heal|p2a: Excadrill|78\/100|[from] item: Leftovers\n|upkeep\n|turn|12\n|\n|t:|1614676211\n|switch|p2a: Buzzwole|Buzzwole|100\/100\n|move|p1a: Landorus|U-turn|p2a: Buzzwole\n|-resisted|p2a: Buzzwole\n|-damage|p2a: Buzzwole|94\/100\n|\n|t:|1614676221\n|switch|p1a: Heatran|Heatran, M|100\/100|[from]move: U-turn\n|-damage|p1a: Heatran|88\/100|[from] Stealth Rock\n|\n|-heal|p1a: Heatran|94\/100|[from] item: Leftovers\n|upkeep\n|turn|13\n|\n|t:|1614676229\n|switch|p1a: Landorus|Landorus-Therian, M|88\/100\n|-damage|p1a: Landorus|76\/100|[from] Stealth Rock\n|-ability|p1a: Landorus|Intimidate|boost\n|-unboost|p2a: Buzzwole|atk|1\n|move|p2a: Buzzwole|Drain Punch|p1a: Landorus\n|-resisted|p1a: Landorus\n|-damage|p1a: Landorus|62\/100\n|-heal|p2a: Buzzwole|99\/100|[from] drain|[of] p1a: Landorus\n|\n|upkeep\n|turn|14\n|\n|t:|1614676235\n|move|p1a: Landorus|U-turn|p2a: Buzzwole\n|-resisted|p2a: Buzzwole\n|-damage|p2a: Buzzwole|93\/100\n|\n|t:|1614676238\n|switch|p1a: Corviknight|Corviknight, M|88\/100|[from]move: U-turn\n|-damage|p1a: Corviknight|75\/100|[from] Stealth Rock\n|-ability|p1a: Corviknight|Pressure\n|move|p2a: Buzzwole|Ice Punch|p1a: Corviknight\n|-damage|p1a: Corviknight|66\/100\n|\n|upkeep\n|turn|15\n|\n|t:|1614676243\n|switch|p2a: Toxapex|Toxapex, M|100\/100\n|move|p1a: Corviknight|Defog|p2a: Toxapex\n|-unboost|p2a: Toxapex|evasion|1\n|-sideend|p1: friedfreak|Stealth Rock|[from] move: Defog|[of] p1a: Corviknight\n|\n|upkeep\n|turn|16\n|\n|t:|1614676256\n|switch|p1a: Magnezone|Magnezone|80\/100\n|move|p2a: Toxapex|Scald|p1a: Magnezone\n|-damage|p1a: Magnezone|57\/100\n|\n|upkeep\n|turn|17\n|\n|t:|1614676267\n|switch|p1a: Kartana|Kartana|100\/100\n|switch|p2a: Excadrill|Excadrill, M|78\/100\n|-ability|p2a: Excadrill|Mold Breaker\n|\n|-heal|p2a: Excadrill|84\/100|[from] item: Leftovers\n|upkeep\n|turn|18\n|\n|t:|1614676280\n|switch|p2a: Buzzwole|Buzzwole|93\/100\n|move|p1a: Kartana|Leaf Blade|p2a: Buzzwole\n|-resisted|p2a: Buzzwole\n|-damage|p2a: Buzzwole|67\/100\n|\n|upkeep\n|turn|19\n|\n|t:|1614676292\n|switch|p1a: Corviknight|Corviknight, M|66\/100\n|-ability|p1a: Corviknight|Pressure\n|move|p2a: Buzzwole|Drain Punch|p1a: Corviknight\n|-damage|p1a: Corviknight|45\/100\n|-heal|p2a: Buzzwole|78\/100|[from] drain|[of] p1a: Corviknight\n|\n|upkeep\n|turn|20\n|\n|t:|1614676300\n|switch|p2a: Excadrill|Excadrill, M|84\/100\n|-ability|p2a: Excadrill|Mold Breaker\n|move|p1a: Corviknight|Roost|p1a: Corviknight\n|-heal|p1a: Corviknight|95\/100\n|-singleturn|p1a: Corviknight|move: Roost\n|\n|-heal|p2a: Excadrill|90\/100|[from] item: Leftovers\n|upkeep\n|turn|21\n|\n|t:|1614676303\n|move|p2a: Excadrill|Stealth Rock|p1a: Corviknight\n|-sidestart|p1: friedfreak|move: Stealth Rock\n|move|p1a: Corviknight|Brave Bird|p2a: Excadrill\n|-resisted|p2a: Excadrill\n|-damage|p2a: Excadrill|66\/100\n|-damage|p1a: Corviknight|86\/100|[from] Recoil\n|\n|-heal|p2a: Excadrill|73\/100|[from] item: Leftovers\n|upkeep\n|turn|22\n|\n|t:|1614676309\n|move|p2a: Excadrill|Iron Head|p1a: Corviknight\n|-resisted|p1a: Corviknight\n|-damage|p1a: Corviknight|76\/100\n|cant|p1a: Corviknight|flinch\n|\n|-heal|p2a: Excadrill|79\/100|[from] item: Leftovers\n|upkeep\n|turn|23\n|\n|t:|1614676317\n|switch|p2a: Toxapex|Toxapex, M|100\/100\n|move|p1a: Corviknight|Defog|p2a: Toxapex\n|-unboost|p2a: Toxapex|evasion|1\n|-sideend|p1: friedfreak|Stealth Rock|[from] move: Defog|[of] p1a: Corviknight\n|\n|upkeep\n|turn|24\n|\n|t:|1614676336\n|switch|p1a: Magnezone|Magnezone|57\/100\n|move|p2a: Toxapex|Scald|p1a: Magnezone\n|-damage|p1a: Magnezone|35\/100\n|-status|p1a: Magnezone|brn\n|\n|-damage|p1a: Magnezone|29\/100 brn|[from] brn\n|upkeep\n|turn|25\n|j| GodsAlterius\n|\n|t:|1614676354\n|switch|p2a: Excadrill|Excadrill, M|79\/100\n|-ability|p2a: Excadrill|Mold Breaker\n|move|p1a: Magnezone|Thunderbolt|p2a: Excadrill\n|-immune|p2a: Excadrill\n|\n|-heal|p2a: Excadrill|85\/100|[from] item: Leftovers\n|-damage|p1a: Magnezone|23\/100 brn|[from] brn\n|upkeep\n|turn|26\n|\n|t:|1614676361\n|switch|p1a: Landorus|Landorus-Therian, M|62\/100\n|-ability|p1a: Landorus|Intimidate|boost\n|-unboost|p2a: Excadrill|atk|1\n|move|p2a: Excadrill|Stealth Rock|p1a: Landorus\n|-sidestart|p1: friedfreak|move: Stealth Rock\n|\n|-heal|p2a: Excadrill|91\/100|[from] item: Leftovers\n|upkeep\n|turn|27\n|j| DittoTang\n|\n|t:|1614676367\n|switch|p2a: Buzzwole|Buzzwole|78\/100\n|move|p1a: Landorus|U-turn|p2a: Buzzwole\n|-resisted|p2a: Buzzwole\n|-damage|p2a: Buzzwole|71\/100\n|\n|t:|1614676375\n|switch|p1a: Heatran|Heatran, M|94\/100|[from]move: U-turn\n|-damage|p1a: Heatran|82\/100|[from] Stealth Rock\n|\n|-heal|p1a: Heatran|88\/100|[from] item: Leftovers\n|upkeep\n|turn|28\n|\n|t:|1614676378\n|switch|p2a: Toxapex|Toxapex, M|100\/100\n|move|p1a: Heatran|Magma Storm|p2a: Toxapex\n|-resisted|p2a: Toxapex\n|-damage|p2a: Toxapex|86\/100\n|-activate|p2a: Toxapex|move: Magma Storm|[of] p1a: Heatran\n|\n|-heal|p1a: Heatran|94\/100|[from] item: Leftovers\n|-heal|p2a: Toxapex|92\/100|[from] item: Black Sludge\n|-damage|p2a: Toxapex|80\/100|[from] move: Magma Storm|[partiallytrapped]\n|upkeep\n|turn|29\n|\n|t:|1614676391\n|move|p1a: Heatran|Earth Power|p2a: Toxapex\n|-supereffective|p2a: Toxapex\n|-damage|p2a: Toxapex|46\/100\n|move|p2a: Toxapex|Knock Off|p1a: Heatran\n|-damage|p1a: Heatran|83\/100\n|-enditem|p1a: Heatran|Leftovers|[from] move: Knock Off|[of] p2a: Toxapex\n|\n|-heal|p2a: Toxapex|52\/100|[from] item: Black Sludge\n|-damage|p2a: Toxapex|40\/100|[from] move: Magma Storm|[partiallytrapped]\n|upkeep\n|turn|30\n|\n|t:|1614676402\n|move|p1a: Heatran|Earth Power|p2a: Toxapex\n|-supereffective|p2a: Toxapex\n|-damage|p2a: Toxapex|6\/100\n|move|p2a: Toxapex|Recover|p2a: Toxapex\n|-heal|p2a: Toxapex|56\/100\n|\n|-heal|p2a: Toxapex|62\/100|[from] item: Black Sludge\n|-damage|p2a: Toxapex|50\/100|[from] move: Magma Storm|[partiallytrapped]\n|upkeep\n|turn|31\n|\n|t:|1614676411\n|move|p1a: Heatran|Earth Power|p2a: Toxapex\n|-supereffective|p2a: Toxapex\n|-damage|p2a: Toxapex|17\/100\n|move|p2a: Toxapex|Recover|p2a: Toxapex\n|-heal|p2a: Toxapex|67\/100\n|\n|-heal|p2a: Toxapex|73\/100|[from] item: Black Sludge\n|-damage|p2a: Toxapex|60\/100|[from] move: Magma Storm|[partiallytrapped]\n|upkeep\n|turn|32\n|\n|t:|1614676417\n|move|p1a: Heatran|Earth Power|p2a: Toxapex\n|-supereffective|p2a: Toxapex\n|-damage|p2a: Toxapex|29\/100\n|-unboost|p2a: Toxapex|spd|1\n|move|p2a: Toxapex|Recover|p2a: Toxapex\n|-heal|p2a: Toxapex|79\/100\n|\n|-heal|p2a: Toxapex|85\/100|[from] item: Black Sludge\n|-end|p2a: Toxapex|Magma Storm|[partiallytrapped]\n|upkeep\n|turn|33\n|\n|t:|1614676427\n|switch|p2a: Dragapult|Dragapult, F|100\/100\n|move|p1a: Heatran|Magma Storm|p2a: Dragapult\n|-resisted|p2a: Dragapult\n|-damage|p2a: Dragapult|69\/100\n|-activate|p2a: Dragapult|move: Magma Storm|[of] p1a: Heatran\n|\n|-damage|p2a: Dragapult|57\/100|[from] move: Magma Storm|[partiallytrapped]\n|upkeep\n|turn|34\n|\n|t:|1614676438\n|move|p1a: Heatran|Protect|p1a: Heatran\n|-singleturn|p1a: Heatran|Protect\n|move|p2a: Dragapult|Phantom Force||[still]\n|-prepare|p2a: Dragapult|Phantom Force\n|\n|-damage|p2a: Dragapult|45\/100|[from] move: Magma Storm|[partiallytrapped]\n|upkeep\n|turn|35\n|\n|t:|1614676446\n|move|p2a: Dragapult|Phantom Force|p1a: Heatran|[from]lockedmove\n|-damage|p1a: Heatran|25\/100\n|move|p1a: Heatran|Stealth Rock|p2a: Dragapult\n|-sidestart|p2: Ahsan-219|move: Stealth Rock\n|\n|-damage|p2a: Dragapult|32\/100|[from] move: Magma Storm|[partiallytrapped]\n|upkeep\n|turn|36\n|\n|t:|1614676464\n|switch|p2a: Toxapex|Toxapex, M|100\/100\n|-damage|p2a: Toxapex|88\/100|[from] Stealth Rock\n|move|p1a: Heatran|Protect||[still]\n|-fail|p1a: Heatran\n|\n|-heal|p2a: Toxapex|94\/100|[from] item: Black Sludge\n|upkeep\n|turn|37\n|\n|t:|1614676470\n|move|p1a: Heatran|Earth Power|p2a: Toxapex\n|-supereffective|p2a: Toxapex\n|-damage|p2a: Toxapex|63\/100\n|move|p2a: Toxapex|Scald|p1a: Heatran\n|-supereffective|p1a: Heatran\n|-damage|p1a: Heatran|6\/100\n|\n|-heal|p2a: Toxapex|70\/100|[from] item: Black Sludge\n|upkeep\n|turn|38\n|l| GodsAlterius\n|\n|t:|1614676488\n|move|p1a: Heatran|Earth Power|p2a: Toxapex\n|-supereffective|p2a: Toxapex\n|-damage|p2a: Toxapex|39\/100\n|move|p2a: Toxapex|Recover|p2a: Toxapex\n|-heal|p2a: Toxapex|89\/100\n|\n|-heal|p2a: Toxapex|96\/100|[from] item: Black Sludge\n|upkeep\n|turn|39\n|\n|t:|1614676491\n|move|p1a: Heatran|Earth Power|p2a: Toxapex\n|-supereffective|p2a: Toxapex\n|-crit|p2a: Toxapex\n|-damage|p2a: Toxapex|42\/100\n|move|p2a: Toxapex|Scald|p1a: Heatran\n|-supereffective|p1a: Heatran\n|-damage|p1a: Heatran|0 fnt\n|faint|p1a: Heatran\n|\n|-heal|p2a: Toxapex|49\/100|[from] item: Black Sludge\n|upkeep\n|\n|t:|1614676495\n|switch|p1a: Kartana|Kartana|100\/100\n|-damage|p1a: Kartana|94\/100|[from] Stealth Rock\n|turn|40\n|\n|t:|1614676514\n|switch|p2a: Dragapult|Dragapult, F|32\/100\n|-damage|p2a: Dragapult|20\/100|[from] Stealth Rock\n|move|p1a: Kartana|Leaf Blade|p2a: Dragapult\n|-resisted|p2a: Dragapult\n|-damage|p2a: Dragapult|0 fnt\n|faint|p2a: Dragapult\n|-ability|p1a: Kartana|Beast Boost|boost\n|-boost|p1a: Kartana|atk|1\n|\n|upkeep\n|\n|t:|1614676522\n|switch|p2a: Tapu Lele|Tapu Lele|100\/100\n|-damage|p2a: Tapu Lele|88\/100|[from] Stealth Rock\n|-fieldstart|move: Psychic Terrain|[from] ability: Psychic Surge|[of] p2a: Tapu Lele\n|turn|41\n|\n|t:|1614676532\n|switch|p1a: Magnezone|Magnezone|23\/100 brn\n|-damage|p1a: Magnezone|17\/100 brn|[from] Stealth Rock\n|move|p2a: Tapu Lele|Psychic|p1a: Magnezone\n|-resisted|p1a: Magnezone\n|-damage|p1a: Magnezone|0 fnt\n|faint|p1a: Magnezone\n|\n|upkeep\n|\n|t:|1614676538\n|switch|p1a: Corviknight|Corviknight, M|76\/100\n|-damage|p1a: Corviknight|64\/100|[from] Stealth Rock\n|-ability|p1a: Corviknight|Pressure\n|turn|42\n|l| jbisokwbf\n|\n|t:|1614676541\n|switch|p2a: Excadrill|Excadrill, M|91\/100\n|-damage|p2a: Excadrill|88\/100|[from] Stealth Rock\n|-ability|p2a: Excadrill|Mold Breaker\n|move|p1a: Corviknight|Roost|p1a: Corviknight\n|-heal|p1a: Corviknight|100\/100\n|-singleturn|p1a: Corviknight|move: Roost\n|\n|-heal|p2a: Excadrill|94\/100|[from] item: Leftovers\n|upkeep\n|turn|43\n|\n|t:|1614676551\n|move|p2a: Excadrill|Rapid Spin|p1a: Corviknight\n|-resisted|p1a: Corviknight\n|-damage|p1a: Corviknight|96\/100\n|-boost|p2a: Excadrill|spe|1\n|-sideend|p2: Ahsan-219|Stealth Rock|[from] move: Rapid Spin|[of] p2a: Excadrill\n|move|p1a: Corviknight|Brave Bird|p2a: Excadrill\n|-resisted|p2a: Excadrill\n|-damage|p2a: Excadrill|71\/100\n|-damage|p1a: Corviknight|88\/100|[from] Recoil\n|\n|-heal|p2a: Excadrill|77\/100|[from] item: Leftovers\n|upkeep\n|turn|44\n|\n|t:|1614676560\n|move|p2a: Excadrill|Iron Head|p1a: Corviknight\n|-resisted|p1a: Corviknight\n|-crit|p1a: Corviknight\n|-damage|p1a: Corviknight|71\/100\n|move|p1a: Corviknight|U-turn|p2a: Excadrill\n|-resisted|p2a: Excadrill\n|-damage|p2a: Excadrill|68\/100\n|\n|t:|1614676566\n|switch|p1a: Landorus|Landorus-Therian, M|62\/100|[from]move: U-turn\n|-damage|p1a: Landorus|49\/100|[from] Stealth Rock\n|-ability|p1a: Landorus|Intimidate|boost\n|-unboost|p2a: Excadrill|atk|1\n|\n|-heal|p2a: Excadrill|74\/100|[from] item: Leftovers\n|upkeep\n|turn|45\n|j| cardons\n|l| cardons\n|\n|t:|1614676576\n|switch|p2a: Buzzwole|Buzzwole|71\/100\n|move|p1a: Landorus|U-turn|p2a: Buzzwole\n|-resisted|p2a: Buzzwole\n|-damage|p2a: Buzzwole|64\/100\n|\n|t:|1614676581\n|switch|p1a: Corviknight|Corviknight, M|71\/100|[from]move: U-turn\n|-damage|p1a: Corviknight|59\/100|[from] Stealth Rock\n|-ability|p1a: Corviknight|Pressure\n|\n|-fieldend|move: Psychic Terrain\n|upkeep\n|turn|46\n|\n|t:|1614676585\n|switch|p2a: Toxapex|Toxapex, M|82\/100\n|move|p1a: Corviknight|Brave Bird|p2a: Toxapex\n|-damage|p2a: Toxapex|55\/100\n|-damage|p1a: Corviknight|52\/100|[from] Recoil\n|\n|-heal|p2a: Toxapex|61\/100|[from] item: Black Sludge\n|upkeep\n|turn|47\n|\n|t:|1614676594\n|move|p1a: Corviknight|Roost|p1a: Corviknight\n|-heal|p1a: Corviknight|100\/100\n|-singleturn|p1a: Corviknight|move: Roost\n|move|p2a: Toxapex|Scald|p1a: Corviknight\n|-damage|p1a: Corviknight|85\/100\n|\n|-heal|p2a: Toxapex|67\/100|[from] item: Black Sludge\n|upkeep\n|turn|48\n|\n|t:|1614676597\n|move|p1a: Corviknight|Defog|p2a: Toxapex\n|-unboost|p2a: Toxapex|evasion|1\n|-sideend|p1: friedfreak|Stealth Rock|[from] move: Defog|[of] p1a: Corviknight\n|move|p2a: Toxapex|Scald|p1a: Corviknight\n|-damage|p1a: Corviknight|67\/100\n|\n|-heal|p2a: Toxapex|74\/100|[from] item: Black Sludge\n|upkeep\n|turn|49\n|j| what is this bruh\n|\n|t:|1614676601\n|move|p1a: Corviknight|Roost|p1a: Corviknight\n|-heal|p1a: Corviknight|100\/100\n|-singleturn|p1a: Corviknight|move: Roost\n|move|p2a: Toxapex|Scald|p1a: Corviknight\n|-damage|p1a: Corviknight|84\/100\n|-status|p1a: Corviknight|brn\n|\n|-heal|p2a: Toxapex|80\/100|[from] item: Black Sludge\n|-damage|p1a: Corviknight|78\/100 brn|[from] brn\n|upkeep\n|turn|50\n|\n|t:|1614676608\n|move|p1a: Corviknight|Brave Bird|p2a: Toxapex\n|-damage|p2a: Toxapex|66\/100\n|-damage|p1a: Corviknight|74\/100 brn|[from] Recoil\n|move|p2a: Toxapex|Scald|p1a: Corviknight\n|-damage|p1a: Corviknight|59\/100 brn\n|\n|-heal|p2a: Toxapex|72\/100|[from] item: Black Sludge\n|-damage|p1a: Corviknight|53\/100 brn|[from] brn\n|upkeep\n|turn|51\n|\n|t:|1614676614\n|switch|p2a: Buzzwole|Buzzwole|64\/100\n|move|p1a: Corviknight|Roost|p1a: Corviknight\n|-heal|p1a: Corviknight|100\/100 brn\n|-singleturn|p1a: Corviknight|move: Roost\n|\n|-damage|p1a: Corviknight|94\/100 brn|[from] brn\n|upkeep\n|turn|52\n|\n|t:|1614676618\n|move|p2a: Buzzwole|Roost|p2a: Buzzwole\n|-heal|p2a: Buzzwole|100\/100\n|-singleturn|p2a: Buzzwole|move: Roost\n|move|p1a: Corviknight|Brave Bird|p2a: Buzzwole\n|-supereffective|p2a: Buzzwole\n|-damage|p2a: Buzzwole|58\/100\n|-damage|p1a: Corviknight|80\/100 brn|[from] Recoil\n|\n|-damage|p1a: Corviknight|74\/100 brn|[from] brn\n|upkeep\n|turn|53\n|\n|t:|1614676623\n|move|p2a: Buzzwole|Roost|p2a: Buzzwole\n|-heal|p2a: Buzzwole|100\/100\n|-singleturn|p2a: Buzzwole|move: Roost\n|move|p1a: Corviknight|Brave Bird|p2a: Buzzwole\n|-supereffective|p2a: Buzzwole\n|-damage|p2a: Buzzwole|64\/100\n|-damage|p1a: Corviknight|61\/100 brn|[from] Recoil\n|\n|-damage|p1a: Corviknight|55\/100 brn|[from] brn\n|upkeep\n|turn|54\n|l| epsilon_xd\n|j| GodsAlterius\n|\n|t:|1614676641\n|move|p2a: Buzzwole|Roost|p2a: Buzzwole\n|-heal|p2a: Buzzwole|100\/100\n|-singleturn|p2a: Buzzwole|move: Roost\n|move|p1a: Corviknight|Brave Bird|p2a: Buzzwole\n|-supereffective|p2a: Buzzwole\n|-damage|p2a: Buzzwole|61\/100\n|-damage|p1a: Corviknight|42\/100 brn|[from] Recoil\n|\n|-damage|p1a: Corviknight|36\/100 brn|[from] brn\n|upkeep\n|turn|55\n|\n|t:|1614676645\n|move|p2a: Buzzwole|Roost|p2a: Buzzwole\n|-heal|p2a: Buzzwole|100\/100\n|-singleturn|p2a: Buzzwole|move: Roost\n|move|p1a: Corviknight|Brave Bird|p2a: Buzzwole\n|-supereffective|p2a: Buzzwole\n|-damage|p2a: Buzzwole|64\/100\n|-damage|p1a: Corviknight|23\/100 brn|[from] Recoil\n|\n|-damage|p1a: Corviknight|17\/100 brn|[from] brn\n|upkeep\n|turn|56\n|\n|t:|1614676647\n|move|p2a: Buzzwole|Drain Punch|p1a: Corviknight\n|-damage|p1a: Corviknight|0 fnt\n|-heal|p2a: Buzzwole|72\/100|[from] drain|[of] p1a: Corviknight\n|faint|p1a: Corviknight\n|-ability|p2a: Buzzwole|Beast Boost|boost\n|-boost|p2a: Buzzwole|def|1\n|\n|upkeep\n|-message|friedfreak forfeited.\n|\n|win|Ahsan-219\n|l|\u2606friedfreak\n|l| GodsAlterius\n|l|\u2606Ahsan-219\n","uploadtime":1614676698,"views":68,"p1id":"friedfreak","p2id":"ahsan219","formatid":"gen8ou","rating":0,"private":0,"password":null}