{"id":"gen8ou-1693922219","p1":"minimax_ai","p2":"Spectre Ace","format":"gen8ou","log":"|html|<div class=\"broadcast-blue\"><strong>[Gen 8] OU is currently suspecting Melmetal! For information on how to participate check out the <a href=\"https:\/\/www.smogon.com\/forums\/threads\/np-ss-ou-suspect-process-round-12-monster-mash.3709234\/\">suspect thread<\/a>.<\/strong><\/div>\n|j|\u2606minimax_ai\n|j|\u2606Spectre Ace\n|t:|1666646304\n|gametype|singles\n|player|p1|minimax_ai|lusamine-nihilego|1540\n|player|p2|Spectre Ace|juggler|1727\n|teamsize|p1|6\n|teamsize|p2|6\n|gen|8\n|tier|[Gen 8] OU\n|rated|\n|rule|Sleep Clause Mod: Limit one foe put to sleep\n|rule|Species Clause: Limit one of each Pok\u00e9mon\n|rule|OHKO Clause: OHKO moves are banned\n|rule|Evasion Items Clause: Evasion items are banned\n|rule|Evasion Moves Clause: Evasion moves are banned\n|rule|Endless Battle Clause: Forcing endless battles is banned\n|rule|HP Percentage Mod: HP is shown in percentages\n|rule|Dynamax Clause: You cannot dynamax\n|clearpoke\n|poke|p1|Rotom-Wash|\n|poke|p1|Weavile, F|\n|poke|p1|Landorus-Therian, M|\n|poke|p1|Heatran, M|\n|poke|p1|Tangrowth, M|\n|poke|p1|Melmetal|\n|poke|p2|Landorus-Therian, M|\n|poke|p2|Ferrothorn, M|\n|poke|p2|Tentacruel, F|\n|poke|p2|Raichu-Alola, F|\n|poke|p2|Tapu Koko|\n|poke|p2|Weavile, M|\n|teampreview\n|c|\u2606minimax_ai|hf\n|inactive|Battle timer is ON: inactive players will automatically lose when time's up. (requested by minimax_ai)\n|\n|t:|1666646315\n|start\n|switch|p1a: landorustherian|Landorus-Therian, M|100\/100\n|switch|p2a: Ferrothorn|Ferrothorn, M|100\/100\n|-ability|p1a: landorustherian|Intimidate|boost\n|-unboost|p2a: Ferrothorn|atk|1\n|turn|1\n|\n|t:|1666646316\n|move|p1a: landorustherian|Earthquake|p2a: Ferrothorn\n|-damage|p2a: Ferrothorn|66\/100\n|move|p2a: Ferrothorn|Knock Off|p1a: landorustherian\n|-damage|p1a: landorustherian|86\/100\n|-enditem|p1a: landorustherian|Leftovers|[from] move: Knock Off|[of] p2a: Ferrothorn\n|\n|-heal|p2a: Ferrothorn|72\/100|[from] item: Leftovers\n|upkeep\n|turn|2\n|\n|t:|1666646320\n|move|p1a: landorustherian|U-turn|p2a: Ferrothorn\n|-damage|p2a: Ferrothorn|55\/100\n|-damage|p1a: landorustherian|74\/100|[from] ability: Iron Barbs|[of] p2a: Ferrothorn\n|\n|t:|1666646320\n|switch|p1a: Heatran|Heatran, M|100\/100|[from]move: U-turn\n|-item|p1a: Heatran|Air Balloon\n|move|p2a: Ferrothorn|Leech Seed|p1a: Heatran\n|-start|p1a: Heatran|move: Leech Seed\n|\n|-heal|p2a: Ferrothorn|61\/100|[from] item: Leftovers\n|-damage|p1a: Heatran|88\/100|[from] Leech Seed|[of] p2a: Ferrothorn\n|-heal|p2a: Ferrothorn|72\/100|[silent]\n|upkeep\n|turn|3\n|\n|t:|1666646322\n|switch|p2a: Tentacruel|Tentacruel, F|100\/100\n|move|p1a: Heatran|Magma Storm|p2a: Tentacruel\n|-resisted|p2a: Tentacruel\n|-damage|p2a: Tentacruel|83\/100\n|-activate|p2a: Tentacruel|move: Magma Storm|[of] p1a: Heatran\n|\n|-heal|p2a: Tentacruel|90\/100|[from] item: Black Sludge\n|-damage|p1a: Heatran|76\/100|[from] Leech Seed|[of] p2a: Tentacruel\n|-heal|p2a: Tentacruel|100\/100|[silent]\n|-damage|p2a: Tentacruel|88\/100|[from] move: Magma Storm|[partiallytrapped]\n|upkeep\n|turn|4\n|\n|t:|1666646329\n|switch|p1a: rotomwash|Rotom-Wash|100\/100\n|move|p2a: Tentacruel|Knock Off|p1a: rotomwash\n|-damage|p1a: rotomwash|84\/100\n|-enditem|p1a: rotomwash|Leftovers|[from] move: Knock Off|[of] p2a: Tentacruel\n|\n|-heal|p2a: Tentacruel|94\/100|[from] item: Black Sludge\n|-end|p2a: Tentacruel|Magma Storm|[partiallytrapped]|[silent]\n|upkeep\n|turn|5\n|\n|t:|1666646335\n|switch|p2a: Landorus|Landorus-Therian, M|100\/100\n|-ability|p2a: Landorus|Intimidate|boost\n|-unboost|p1a: rotomwash|atk|1\n|move|p1a: rotomwash|Hydro Pump|p2a: Landorus\n|-supereffective|p2a: Landorus\n|-damage|p2a: Landorus|36\/100\n|\n|-heal|p2a: Landorus|42\/100|[from] item: Leftovers\n|upkeep\n|turn|6\n|\n|t:|1666646337\n|switch|p2a: Ferrothorn|Ferrothorn, M|72\/100\n|move|p1a: rotomwash|Hydro Pump|p2a: Ferrothorn\n|-resisted|p2a: Ferrothorn\n|-damage|p2a: Ferrothorn|58\/100\n|\n|-heal|p2a: Ferrothorn|64\/100|[from] item: Leftovers\n|upkeep\n|turn|7\n|\n|t:|1666646340\n|switch|p1a: landorustherian|Landorus-Therian, M|74\/100\n|-ability|p1a: landorustherian|Intimidate|boost\n|-unboost|p2a: Ferrothorn|atk|1\n|move|p2a: Ferrothorn|Spikes|p1a: landorustherian\n|-sidestart|p1: minimax_ai|Spikes\n|\n|-heal|p2a: Ferrothorn|70\/100|[from] item: Leftovers\n|upkeep\n|turn|8\n|\n|t:|1666646343\n|move|p1a: landorustherian|Defog|p2a: Ferrothorn\n|-unboost|p2a: Ferrothorn|evasion|1\n|-sideend|p1: minimax_ai|Spikes|[from] move: Defog|[of] p1a: landorustherian\n|move|p2a: Ferrothorn|Leech Seed|p1a: landorustherian\n|-start|p1a: landorustherian|move: Leech Seed\n|\n|-heal|p2a: Ferrothorn|77\/100|[from] item: Leftovers\n|-damage|p1a: landorustherian|62\/100|[from] Leech Seed|[of] p2a: Ferrothorn\n|-heal|p2a: Ferrothorn|90\/100|[silent]\n|upkeep\n|turn|9\n|\n|t:|1666646344\n|move|p1a: landorustherian|U-turn|p2a: Ferrothorn\n|-damage|p2a: Ferrothorn|73\/100\n|-damage|p1a: landorustherian|49\/100|[from] ability: Iron Barbs|[of] p2a: Ferrothorn\n|\n|t:|1666646344\n|switch|p1a: Tangrowth|Tangrowth, M|100\/100|[from]move: U-turn\n|move|p2a: Ferrothorn|Spikes|p1a: Tangrowth\n|-sidestart|p1: minimax_ai|Spikes\n|\n|-heal|p2a: Ferrothorn|79\/100|[from] item: Leftovers\n|upkeep\n|turn|10\n|\n|t:|1666646349\n|switch|p2a: Tentacruel|Tentacruel, F|94\/100\n|move|p1a: Tangrowth|Focus Blast|p2a: Tentacruel\n|-resisted|p2a: Tentacruel\n|-damage|p2a: Tentacruel|85\/100\n|\n|-heal|p2a: Tentacruel|91\/100|[from] item: Black Sludge\n|upkeep\n|turn|11\n|\n|t:|1666646353\n|switch|p1a: rotomwash|Rotom-Wash|84\/100\n|move|p2a: Tentacruel|Scald|p1a: rotomwash\n|-resisted|p1a: rotomwash\n|-damage|p1a: rotomwash|73\/100\n|\n|-heal|p2a: Tentacruel|97\/100|[from] item: Black Sludge\n|upkeep\n|turn|12\n|\n|t:|1666646358\n|move|p2a: Tentacruel|Knock Off|p1a: rotomwash\n|-damage|p1a: rotomwash|63\/100\n|move|p1a: rotomwash|Hydro Pump|p2a: Tentacruel\n|-resisted|p2a: Tentacruel\n|-damage|p2a: Tentacruel|83\/100\n|\n|-heal|p2a: Tentacruel|89\/100|[from] item: Black Sludge\n|upkeep\n|turn|13\n|\n|t:|1666646363\n|move|p2a: Tentacruel|Scald|p1a: rotomwash\n|-resisted|p1a: rotomwash\n|-damage|p1a: rotomwash|51\/100\n|move|p1a: rotomwash|Hydro Pump|p2a: Tentacruel\n|-resisted|p2a: Tentacruel\n|-damage|p2a: Tentacruel|74\/100\n|\n|-heal|p2a: Tentacruel|80\/100|[from] item: Black Sludge\n|upkeep\n|turn|14\n|\n|t:|1666646369\n|move|p2a: Tentacruel|Scald|p1a: rotomwash\n|-resisted|p1a: rotomwash\n|-damage|p1a: rotomwash|41\/100\n|move|p1a: rotomwash|Thunderbolt|p2a: Tentacruel\n|-supereffective|p2a: Tentacruel\n|-damage|p2a: Tentacruel|35\/100\n|\n|-heal|p2a: Tentacruel|41\/100|[from] item: Black Sludge\n|upkeep\n|turn|15\n|\n|t:|1666646376\n|switch|p2a: Ferrothorn|Ferrothorn, M|79\/100\n|move|p1a: rotomwash|Pain Split|p2a: Ferrothorn\n|-sethp|p2a: Ferrothorn|57\/100|[from] move: Pain Split|[silent]\n|-sethp|p1a: rotomwash|66\/100|[from] move: Pain Split\n|\n|-heal|p2a: Ferrothorn|63\/100|[from] item: Leftovers\n|upkeep\n|turn|16\n|\n|t:|1666646380\n|switch|p1a: landorustherian|Landorus-Therian, M|49\/100\n|-ability|p1a: landorustherian|Intimidate|boost\n|-unboost|p2a: Ferrothorn|atk|1\n|move|p2a: Ferrothorn|Leech Seed|p1a: landorustherian|[miss]\n|-miss|p2a: Ferrothorn|p1a: landorustherian\n|\n|-heal|p2a: Ferrothorn|70\/100|[from] item: Leftovers\n|upkeep\n|turn|17\n|\n|t:|1666646382\n|move|p1a: landorustherian|Defog|p2a: Ferrothorn\n|-unboost|p2a: Ferrothorn|evasion|1\n|-sideend|p1: minimax_ai|Spikes|[from] move: Defog|[of] p1a: landorustherian\n|move|p2a: Ferrothorn|Leech Seed|p1a: landorustherian\n|-start|p1a: landorustherian|move: Leech Seed\n|\n|-heal|p2a: Ferrothorn|76\/100|[from] item: Leftovers\n|-damage|p1a: landorustherian|37\/100|[from] Leech Seed|[of] p2a: Ferrothorn\n|-heal|p2a: Ferrothorn|89\/100|[silent]\n|upkeep\n|turn|18\n|\n|t:|1666646383\n|move|p1a: landorustherian|U-turn|p2a: Ferrothorn\n|-damage|p2a: Ferrothorn|74\/100\n|-damage|p1a: landorustherian|25\/100|[from] ability: Iron Barbs|[of] p2a: Ferrothorn\n|\n|t:|1666646384\n|switch|p1a: Tangrowth|Tangrowth, M|100\/100|[from]move: U-turn\n|move|p2a: Ferrothorn|Spikes|p1a: Tangrowth\n|-sidestart|p1: minimax_ai|Spikes\n|\n|-heal|p2a: Ferrothorn|80\/100|[from] item: Leftovers\n|upkeep\n|turn|19\n|\n|t:|1666646388\n|switch|p2a: Landorus|Landorus-Therian, M|42\/100\n|-ability|p2a: Landorus|Intimidate|boost\n|-unboost|p1a: Tangrowth|atk|1\n|move|p1a: Tangrowth|Knock Off|p2a: Landorus\n|-damage|p2a: Landorus|28\/100\n|-enditem|p2a: Landorus|Leftovers|[from] move: Knock Off|[of] p1a: Tangrowth\n|\n|upkeep\n|turn|20\n|\n|t:|1666646390\n|move|p2a: Landorus|Toxic|p1a: Tangrowth\n|-status|p1a: Tangrowth|tox\n|move|p1a: Tangrowth|Giga Drain|p2a: Landorus\n|-damage|p2a: Landorus|7\/100\n|\n|-damage|p1a: Tangrowth|94\/100 tox|[from] psn\n|upkeep\n|turn|21\n|\n|t:|1666646393\n|switch|p2a: Tentacruel|Tentacruel, F|41\/100\n|move|p1a: Tangrowth|Knock Off|p2a: Tentacruel\n|-damage|p2a: Tentacruel|19\/100\n|-enditem|p2a: Tentacruel|Black Sludge|[from] move: Knock Off|[of] p1a: Tangrowth\n|\n|-damage|p1a: Tangrowth|82\/100 tox|[from] psn\n|upkeep\n|turn|22\n|\n|t:|1666646395\n|move|p2a: Tentacruel|Ice Beam|p1a: Tangrowth\n|-supereffective|p1a: Tangrowth\n|-damage|p1a: Tangrowth|34\/100 tox\n|move|p1a: Tangrowth|Giga Drain|p2a: Tentacruel\n|-damage|p2a: Tentacruel|1\/100\n|-heal|p1a: Tangrowth|43\/100 tox|[from] drain|[of] p2a: Tentacruel\n|\n|-damage|p1a: Tangrowth|24\/100 tox|[from] psn\n|upkeep\n|turn|23\n|\n|t:|1666646399\n|switch|p1a: rotomwash|Rotom-Wash|66\/100\n|move|p2a: Tentacruel|Ice Beam|p1a: rotomwash\n|-resisted|p1a: rotomwash\n|-damage|p1a: rotomwash|57\/100\n|\n|upkeep\n|turn|24\n|\n|t:|1666646400\n|move|p2a: Tentacruel|Scald|p1a: rotomwash\n|-resisted|p1a: rotomwash\n|-damage|p1a: rotomwash|44\/100\n|move|p1a: rotomwash|Thunderbolt|p2a: Tentacruel\n|-supereffective|p2a: Tentacruel\n|-damage|p2a: Tentacruel|0 fnt\n|faint|p2a: Tentacruel\n|\n|upkeep\n|\n|t:|1666646405\n|switch|p2a: Weavile|Weavile, M|100\/100\n|-ability|p2a: Weavile|Pressure\n|turn|25\n|\n|t:|1666646408\n|move|p2a: Weavile|Knock Off|p1a: rotomwash\n|-damage|p1a: rotomwash|0 fnt\n|faint|p1a: rotomwash\n|\n|upkeep\n|\n|t:|1666646409\n|switch|p1a: Heatran|Heatran, M|76\/100\n|-item|p1a: Heatran|Air Balloon\n|turn|26\n|\n|t:|1666646415\n|move|p2a: Weavile|Knock Off|p1a: Heatran\n|-damage|p1a: Heatran|0 fnt\n|-enditem|p1a: Heatran|Air Balloon\n|faint|p1a: Heatran\n|\n|upkeep\n|\n|t:|1666646415\n|switch|p1a: Weavile|Weavile, F|100\/100\n|-damage|p1a: Weavile|88\/100|[from] Spikes\n|-ability|p1a: Weavile|Pressure\n|turn|27\n|\n|t:|1666646423\n|switch|p2a: Landorus|Landorus-Therian, M|7\/100\n|-ability|p2a: Landorus|Intimidate|boost\n|-unboost|p1a: Weavile|atk|1\n|move|p1a: Weavile|Low Kick|p2a: Landorus\n|-resisted|p2a: Landorus\n|-damage|p2a: Landorus|0 fnt\n|faint|p2a: Landorus\n|\n|upkeep\n|\n|t:|1666646424\n|switch|p2a: Tapu Koko|Tapu Koko|100\/100\n|-fieldstart|move: Electric Terrain|[from] ability: Electric Surge|[of] p2a: Tapu Koko\n|turn|28\n|\n|t:|1666646427\n|switch|p1a: Tangrowth|Tangrowth, M|57\/100 tox\n|-damage|p1a: Tangrowth|45\/100 tox|[from] Spikes\n|move|p2a: Tapu Koko|Dazzling Gleam|p1a: Tangrowth\n|-crit|p1a: Tangrowth\n|-damage|p1a: Tangrowth|0 fnt\n|faint|p1a: Tangrowth\n|\n|upkeep\n|\n|t:|1666646427\n|switch|p1a: Melmetal|Melmetal|100\/100\n|-damage|p1a: Melmetal|88\/100|[from] Spikes\n|turn|29\n|\n|t:|1666646429\n|move|p2a: Tapu Koko|U-turn|p1a: Melmetal\n|-resisted|p1a: Melmetal\n|-damage|p1a: Melmetal|83\/100\n|\n|t:|1666646430\n|switch|p2a: Ferrothorn|Ferrothorn, M|80\/100|[from]move: U-turn\n|move|p1a: Melmetal|Ice Punch|p2a: Ferrothorn\n|-damage|p2a: Ferrothorn|57\/100\n|-damage|p1a: Melmetal|71\/100|[from] ability: Iron Barbs|[of] p2a: Ferrothorn\n|\n|-heal|p2a: Ferrothorn|64\/100|[from] item: Leftovers\n|upkeep\n|turn|30\n|\n|t:|1666646435\n|move|p1a: Melmetal|Ice Punch|p2a: Ferrothorn\n|-damage|p2a: Ferrothorn|41\/100\n|-damage|p1a: Melmetal|59\/100|[from] ability: Iron Barbs|[of] p2a: Ferrothorn\n|move|p2a: Ferrothorn|Leech Seed|p1a: Melmetal\n|-start|p1a: Melmetal|move: Leech Seed\n|\n|-heal|p2a: Ferrothorn|47\/100|[from] item: Leftovers\n|-damage|p1a: Melmetal|46\/100|[from] Leech Seed|[of] p2a: Ferrothorn\n|-heal|p2a: Ferrothorn|63\/100|[silent]\n|upkeep\n|turn|31\n|\n|t:|1666646438\n|move|p1a: Melmetal|Earthquake|p2a: Ferrothorn\n|-damage|p2a: Ferrothorn|35\/100\n|move|p2a: Ferrothorn|Gyro Ball|p1a: Melmetal\n|-resisted|p1a: Melmetal\n|-damage|p1a: Melmetal|40\/100\n|\n|-heal|p2a: Ferrothorn|41\/100|[from] item: Leftovers\n|-damage|p1a: Melmetal|27\/100|[from] Leech Seed|[of] p2a: Ferrothorn\n|-heal|p2a: Ferrothorn|57\/100|[silent]\n|upkeep\n|turn|32\n|\n|t:|1666646441\n|move|p1a: Melmetal|Earthquake|p2a: Ferrothorn\n|-damage|p2a: Ferrothorn|32\/100\n|move|p2a: Ferrothorn|Spikes|p1a: Melmetal\n|-sidestart|p1: minimax_ai|Spikes\n|\n|-heal|p2a: Ferrothorn|38\/100|[from] item: Leftovers\n|-damage|p1a: Melmetal|15\/100|[from] Leech Seed|[of] p2a: Ferrothorn\n|-heal|p2a: Ferrothorn|54\/100|[silent]\n|upkeep\n|turn|33\n|\n|t:|1666646442\n|move|p1a: Melmetal|Double Iron Bash|p2a: Ferrothorn\n|-resisted|p2a: Ferrothorn\n|-damage|p2a: Ferrothorn|39\/100\n|-damage|p1a: Melmetal|2\/100|[from] ability: Iron Barbs|[of] p2a: Ferrothorn\n|-resisted|p2a: Ferrothorn\n|-damage|p2a: Ferrothorn|25\/100\n|-damage|p1a: Melmetal|0 fnt|[from] ability: Iron Barbs|[of] p2a: Ferrothorn\n|faint|p1a: Melmetal\n|-hitcount|p2a: Ferrothorn|2\n|cant|p2a: Ferrothorn|flinch\n|\n|-heal|p2a: Ferrothorn|31\/100|[from] item: Leftovers\n|upkeep\n|\n|t:|1666646442\n|switch|p1a: landorustherian|Landorus-Therian, M|25\/100\n|-ability|p1a: landorustherian|Intimidate|boost\n|-unboost|p2a: Ferrothorn|atk|1\n|turn|34\n|\n|t:|1666646447\n|move|p1a: landorustherian|Earthquake|p2a: Ferrothorn\n|-damage|p2a: Ferrothorn|0 fnt\n|faint|p2a: Ferrothorn\n|\n|upkeep\n|\n|t:|1666646450\n|switch|p2a: Raichu|Raichu-Alola, F, shiny|100\/100\n|turn|35\n|\n|t:|1666646451\n|move|p2a: Raichu|Surf|p1a: landorustherian\n|-supereffective|p1a: landorustherian\n|-damage|p1a: landorustherian|0 fnt\n|faint|p1a: landorustherian\n|-damage|p2a: Raichu|91\/100|[from] item: Life Orb\n|\n|-fieldend|move: Electric Terrain\n|upkeep\n|\n|t:|1666646451\n|switch|p1a: Weavile|Weavile, F|88\/100\n|-damage|p1a: Weavile|72\/100|[from] Spikes\n|-ability|p1a: Weavile|Pressure\n|turn|36\n|\n|t:|1666646453\n|switch|p2a: Weavile|Weavile, M|100\/100\n|-ability|p2a: Weavile|Pressure\n|move|p1a: Weavile|Triple Axel|p2a: Weavile\n|-resisted|p2a: Weavile\n|-crit|p2a: Weavile\n|-damage|p2a: Weavile|80\/100\n|-hitcount|p2a: Weavile|1\n|\n|upkeep\n|turn|37\n|\n|t:|1666646455\n|move|p1a: Weavile|Triple Axel|p2a: Weavile\n|-resisted|p2a: Weavile\n|-damage|p2a: Weavile|67\/100\n|-resisted|p2a: Weavile\n|-damage|p2a: Weavile|41\/100\n|-resisted|p2a: Weavile\n|-damage|p2a: Weavile|4\/100\n|-hitcount|p2a: Weavile|3\n|move|p2a: Weavile|Low Kick|p1a: Weavile\n|-supereffective|p1a: Weavile\n|-damage|p1a: Weavile|0 fnt\n|faint|p1a: Weavile\n|\n|win|Spectre Ace\n|raw|minimax_ai's rating: 1540 &rarr; <strong>1530<\/strong><br \/>(-10 for losing)\n|raw|Spectre Ace's rating: 1727 &rarr; <strong>1737<\/strong><br \/>(+10 for winning)\n|c|\u2606minimax_ai|gg\n","uploadtime":1666646457,"views":6,"p1id":"minimaxai","p2id":"spectreace","formatid":"gen8ou","rating":1530,"private":0,"password":null}