{"id":"gen8ou-1108033701","p1":"Stareal","p2":"N30N3","format":"gen8ou","log":"|j|\u2606Stareal\n|j|\u2606N30N3\n|player|p1|Stareal|youngn|1785\n|player|p2|N30N3|170|1823\n|teamsize|p1|6\n|teamsize|p2|6\n|gametype|singles\n|gen|8\n|tier|[Gen 8] OU\n|rated|\n|clearpoke\n|poke|p1|Hatterene, F|\n|poke|p1|Rotom-Heat|\n|poke|p1|Umbreon, M|\n|poke|p1|Toxapex, F|\n|poke|p1|Reuniclus, M|\n|poke|p1|Dracovish|\n|poke|p2|Kyurem|\n|poke|p2|Hippowdon, M|\n|poke|p2|Excadrill, M|\n|poke|p2|Tyranitar, M|\n|poke|p2|Dragapult, F|\n|poke|p2|Ferrothorn, F|\n|rule|Sleep Clause Mod: Limit one foe put to sleep\n|rule|Species Clause: Limit one of each Pok\u00e9mon\n|rule|OHKO Clause: OHKO moves are banned\n|rule|Evasion Moves Clause: Evasion moves are banned\n|rule|Endless Battle Clause: Forcing endless battles is banned\n|rule|HP Percentage Mod: HP is shown in percentages\n|rule|Dynamax Clause: You cannot dynamax\n|teampreview\n|j| liluzispinkytoe\n|j| AgressivEbolAidCOV\n|inactive|Battle timer is ON: inactive players will automatically lose when time's up. (requested by N30N3)\n|\n|start\n|switch|p1a: Rotom|Rotom-Heat|100\/100\n|switch|p2a: Tyranitar|Tyranitar, M|100\/100\n|-weather|Sandstorm|[from] ability: Sand Stream|[of] p2a: Tyranitar\n|turn|1\n|\n|move|p1a: Rotom|Volt Switch|p2a: Tyranitar\n|-crit|p2a: Tyranitar\n|-damage|p2a: Tyranitar|76\/100\n|\n|switch|p1a: Umbreon|Umbreon, M|100\/100|[from]move: Volt Switch\n|move|p2a: Tyranitar|Stone Edge|p1a: Umbreon\n|-damage|p1a: Umbreon|49\/100\n|\n|-weather|Sandstorm|[upkeep]\n|-damage|p1a: Umbreon|43\/100|[from] Sandstorm\n|-heal|p1a: Umbreon|49\/100|[from] item: Leftovers\n|upkeep\n|turn|2\n|\n|move|p1a: Umbreon|Protect|p1a: Umbreon\n|-singleturn|p1a: Umbreon|Protect\n|move|p2a: Tyranitar|Stone Edge|p1a: Umbreon\n|-activate|p1a: Umbreon|move: Protect\n|\n|-weather|Sandstorm|[upkeep]\n|-damage|p1a: Umbreon|43\/100|[from] Sandstorm\n|-heal|p1a: Umbreon|49\/100|[from] item: Leftovers\n|upkeep\n|turn|3\n|\n|switch|p1a: Toxapex|Toxapex, F|100\/100\n|move|p2a: Tyranitar|Stone Edge|p1a: Toxapex\n|-damage|p1a: Toxapex|52\/100\n|\n|-weather|Sandstorm|[upkeep]\n|-damage|p1a: Toxapex|46\/100|[from] Sandstorm\n|-heal|p1a: Toxapex|52\/100|[from] item: Black Sludge\n|upkeep\n|turn|4\n|\n|move|p2a: Tyranitar|Stone Edge|p1a: Toxapex|[miss]\n|-miss|p2a: Tyranitar|p1a: Toxapex\n|move|p1a: Toxapex|Recover|p1a: Toxapex\n|-heal|p1a: Toxapex|100\/100\n|\n|-weather|Sandstorm|[upkeep]\n|-damage|p1a: Toxapex|94\/100|[from] Sandstorm\n|-heal|p1a: Toxapex|100\/100|[from] item: Black Sludge\n|upkeep\n|turn|5\n|\n|switch|p2a: Ferrothorn|Ferrothorn, F|100\/100\n|move|p1a: Toxapex|Scald|p2a: Ferrothorn\n|-resisted|p2a: Ferrothorn\n|-damage|p2a: Ferrothorn|95\/100\n|\n|-weather|none\n|-heal|p2a: Ferrothorn|100\/100|[from] item: Leftovers\n|upkeep\n|turn|6\n|\n|move|p1a: Toxapex|Scald|p2a: Ferrothorn\n|-resisted|p2a: Ferrothorn\n|-damage|p2a: Ferrothorn|93\/100\n|move|p2a: Ferrothorn|Knock Off|p1a: Toxapex\n|-damage|p1a: Toxapex|87\/100\n|-enditem|p1a: Toxapex|Black Sludge|[from] move: Knock Off|[of] p2a: Ferrothorn\n|\n|-heal|p2a: Ferrothorn|99\/100|[from] item: Leftovers\n|upkeep\n|turn|7\n|\n|switch|p1a: Hatterene|Hatterene, F|100\/100\n|switch|p2a: Kyurem|Kyurem|100\/100\n|-ability|p2a: Kyurem|Pressure\n|\n|upkeep\n|turn|8\n|\n|switch|p2a: Ferrothorn|Ferrothorn, F|99\/100\n|switch|p1a: Reuniclus|Reuniclus, M|100\/100\n|\n|-heal|p2a: Ferrothorn|100\/100|[from] item: Leftovers\n|upkeep\n|turn|9\n|j| Little Smile \u2665\n|inactive|Stareal has 120 seconds left.\n|\n|switch|p1a: Hatterene|Hatterene, F|100\/100\n|switch|p2a: Tyranitar|Tyranitar, M|76\/100\n|-weather|Sandstorm|[from] ability: Sand Stream|[of] p2a: Tyranitar\n|\n|-weather|Sandstorm|[upkeep]\n|-damage|p1a: Hatterene|95\/100|[from] Sandstorm\n|-heal|p1a: Hatterene|100\/100|[from] item: Leftovers\n|upkeep\n|turn|10\n|l| Little Smile \u2665\n|inactive|Stareal has 120 seconds left.\n|\n|move|p2a: Tyranitar|Stone Edge|p1a: Hatterene\n|-damage|p1a: Hatterene|32\/100\n|move|p1a: Hatterene|Draining Kiss|p2a: Tyranitar\n|-supereffective|p2a: Tyranitar\n|-damage|p2a: Tyranitar|43\/100\n|-heal|p1a: Hatterene|59\/100|[from] drain|[of] p2a: Tyranitar\n|\n|-weather|Sandstorm|[upkeep]\n|-damage|p1a: Hatterene|53\/100|[from] Sandstorm\n|-heal|p1a: Hatterene|59\/100|[from] item: Leftovers\n|upkeep\n|turn|11\n|\n|switch|p1a: Toxapex|Toxapex, F|100\/100\n|move|p2a: Tyranitar|Stone Edge|p1a: Toxapex|[miss]\n|-miss|p2a: Tyranitar|p1a: Toxapex\n|\n|-weather|Sandstorm|[upkeep]\n|-damage|p1a: Toxapex|94\/100|[from] Sandstorm\n|upkeep\n|turn|12\n|j| Edwinvf\n|j| mrwolf3\n|l| mrwolf3\n|\n|switch|p2a: Kyurem|Kyurem|100\/100\n|-ability|p2a: Kyurem|Pressure\n|move|p1a: Toxapex|Scald|p2a: Kyurem\n|-resisted|p2a: Kyurem\n|-damage|p2a: Kyurem|93\/100\n|\n|-weather|Sandstorm|[upkeep]\n|-damage|p2a: Kyurem|86\/100|[from] Sandstorm\n|-damage|p1a: Toxapex|88\/100|[from] Sandstorm\n|upkeep\n|turn|13\n|\n|switch|p1a: Reuniclus|Reuniclus, M|100\/100\n|move|p2a: Kyurem|Freeze-Dry|p1a: Reuniclus\n|-damage|p1a: Reuniclus|76\/100\n|-status|p1a: Reuniclus|frz\n|\n|-weather|none\n|upkeep\n|turn|14\n|\n|switch|p2a: Tyranitar|Tyranitar, M|43\/100\n|-weather|Sandstorm|[from] ability: Sand Stream|[of] p2a: Tyranitar\n|-curestatus|p1a: Reuniclus|frz|[msg]\n|move|p1a: Reuniclus|Future Sight|p2a: Tyranitar\n|-start|p1a: Reuniclus|move: Future Sight\n|\n|-weather|Sandstorm|[upkeep]\n|-damage|p1a: Reuniclus|70\/100|[from] Sandstorm\n|upkeep\n|turn|15\n|j| X Domo\n|l| X Domo\n|\n|switch|p1a: Toxapex|Toxapex, F|100\/100\n|move|p2a: Tyranitar|Crunch|p1a: Toxapex\n|-damage|p1a: Toxapex|59\/100\n|-unboost|p1a: Toxapex|def|1\n|\n|-weather|Sandstorm|[upkeep]\n|-damage|p1a: Toxapex|53\/100|[from] Sandstorm\n|upkeep\n|turn|16\n|j| Hfjzkc\n|\n|move|p1a: Toxapex|Baneful Bunker|p1a: Toxapex\n|-singleturn|p1a: Toxapex|move: Protect\n|move|p2a: Tyranitar|Crunch|p1a: Toxapex\n|-activate|p1a: Toxapex|move: Protect\n|-status|p2a: Tyranitar|psn\n|\n|-weather|Sandstorm|[upkeep]\n|-damage|p1a: Toxapex|47\/100|[from] Sandstorm\n|-end|p2a: Tyranitar|move: Future Sight\n|-immune|p2a: Tyranitar\n|-damage|p2a: Tyranitar|31\/100 psn|[from] psn\n|upkeep\n|turn|17\n|\n|switch|p1a: Umbreon|Umbreon, M|49\/100\n|move|p2a: Tyranitar|Crunch|p1a: Umbreon\n|-resisted|p1a: Umbreon\n|-damage|p1a: Umbreon|30\/100\n|\n|-weather|Sandstorm|[upkeep]\n|-damage|p1a: Umbreon|24\/100|[from] Sandstorm\n|-heal|p1a: Umbreon|30\/100|[from] item: Leftovers\n|-damage|p2a: Tyranitar|18\/100 psn|[from] psn\n|upkeep\n|turn|18\n|\n|switch|p2a: Hippowdon|Hippowdon, M|100\/100\n|move|p1a: Umbreon|Wish|p1a: Umbreon\n|\n|-weather|none\n|-heal|p1a: Umbreon|36\/100|[from] item: Leftovers\n|upkeep\n|turn|19\n|\n|move|p1a: Umbreon|Yawn|p2a: Hippowdon\n|-start|p2a: Hippowdon|move: Yawn|[of] p1a: Umbreon\n|move|p2a: Hippowdon|Whirlwind|p1a: Umbreon\n|drag|p1a: Hatterene|Hatterene, F|59\/100\n|\n|-heal|p1a: Hatterene|100\/100|[from] move: Wish|[wisher] Umbreon\n|upkeep\n|turn|20\n|\n|switch|p2a: Ferrothorn|Ferrothorn, F|100\/100\n|move|p1a: Hatterene|Calm Mind|p1a: Hatterene\n|-boost|p1a: Hatterene|spa|1\n|-boost|p1a: Hatterene|spd|1\n|\n|upkeep\n|turn|21\n|\n|switch|p2a: Excadrill|Excadrill, M|100\/100\n|move|p1a: Hatterene|Mystical Fire|p2a: Excadrill\n|-supereffective|p2a: Excadrill\n|-damage|p2a: Excadrill|12\/100\n|-unboost|p2a: Excadrill|spa|1\n|\n|upkeep\n|turn|22\n|\n|move|p2a: Excadrill|Iron Head|p1a: Hatterene\n|-supereffective|p1a: Hatterene\n|-damage|p1a: Hatterene|10\/100\n|-damage|p2a: Excadrill|2\/100|[from] item: Life Orb\n|cant|p1a: Hatterene|flinch\n|\n|-heal|p1a: Hatterene|16\/100|[from] item: Leftovers\n|upkeep\n|turn|23\n|\n|switch|p1a: Reuniclus|Reuniclus, M|100\/100\n|move|p2a: Excadrill|Rock Slide|p1a: Reuniclus\n|-damage|p1a: Reuniclus|63\/100\n|-damage|p2a: Excadrill|0 fnt|[from] item: Life Orb\n|faint|p2a: Excadrill\n|\n|upkeep\n|\n|switch|p2a: Tyranitar|Tyranitar, M|18\/100 psn\n|-weather|Sandstorm|[from] ability: Sand Stream|[of] p2a: Tyranitar\n|turn|24\n|inactive|Stareal has 120 seconds left.\n|\n|switch|p1a: Toxapex|Toxapex, F|80\/100\n|move|p2a: Tyranitar|Stealth Rock|p1a: Toxapex\n|-sidestart|p1: Stareal|move: Stealth Rock\n|\n|-weather|Sandstorm|[upkeep]\n|-damage|p1a: Toxapex|74\/100|[from] Sandstorm\n|-damage|p2a: Tyranitar|6\/100 psn|[from] psn\n|upkeep\n|turn|25\n|inactive|Stareal has 120 seconds left.\n|j| pokeaimMBA\n|\n|switch|p2a: Kyurem|Kyurem|86\/100\n|-ability|p2a: Kyurem|Pressure\n|move|p1a: Toxapex|Recover|p1a: Toxapex\n|-heal|p1a: Toxapex|100\/100\n|\n|-weather|Sandstorm|[upkeep]\n|-damage|p2a: Kyurem|80\/100|[from] Sandstorm\n|-damage|p1a: Toxapex|94\/100|[from] Sandstorm\n|upkeep\n|turn|26\n|j| cypherstest\n|inactive|Stareal has 120 seconds left.\n|\n|move|p1a: Toxapex|Baneful Bunker|p1a: Toxapex\n|-singleturn|p1a: Toxapex|move: Protect\n|move|p2a: Kyurem|Freeze-Dry|p1a: Toxapex\n|-activate|p1a: Toxapex|move: Protect\n|\n|-weather|Sandstorm|[upkeep]\n|-damage|p2a: Kyurem|74\/100|[from] Sandstorm\n|-damage|p1a: Toxapex|88\/100|[from] Sandstorm\n|upkeep\n|turn|27\n|\n|switch|p1a: Reuniclus|Reuniclus, M|97\/100\n|-damage|p1a: Reuniclus|84\/100|[from] Stealth Rock\n|move|p2a: Kyurem|Freeze-Dry|p1a: Reuniclus\n|-damage|p1a: Reuniclus|59\/100\n|\n|-weather|Sandstorm|[upkeep]\n|-damage|p2a: Kyurem|68\/100|[from] Sandstorm\n|-damage|p1a: Reuniclus|53\/100|[from] Sandstorm\n|upkeep\n|turn|28\n|\n|switch|p2a: Dragapult|Dragapult, F|100\/100\n|move|p1a: Reuniclus|Future Sight|p2a: Dragapult\n|-start|p1a: Reuniclus|move: Future Sight\n|\n|-weather|none\n|upkeep\n|turn|29\n|\n|switch|p1a: Toxapex|Toxapex, F|100\/100\n|-damage|p1a: Toxapex|88\/100|[from] Stealth Rock\n|move|p2a: Dragapult|Dragon Dance|p2a: Dragapult\n|-boost|p2a: Dragapult|atk|1\n|-boost|p2a: Dragapult|spe|1\n|\n|upkeep\n|turn|30\n|\n|move|p2a: Dragapult|Substitute|p2a: Dragapult\n|-start|p2a: Dragapult|Substitute\n|-damage|p2a: Dragapult|76\/100\n|move|p1a: Toxapex|Toxic||[still]\n|-fail|p1a: Toxapex\n|\n|-end|p2a: Dragapult|move: Future Sight\n|-end|p2a: Dragapult|Substitute\n|upkeep\n|turn|31\n|\n|switch|p1a: Reuniclus|Reuniclus, M|86\/100\n|-damage|p1a: Reuniclus|74\/100|[from] Stealth Rock\n|move|p2a: Dragapult|Substitute|p2a: Dragapult\n|-start|p2a: Dragapult|Substitute\n|-damage|p2a: Dragapult|51\/100\n|\n|upkeep\n|turn|32\n|\n|move|p2a: Dragapult|Dragon Dance|p2a: Dragapult\n|-boost|p2a: Dragapult|atk|1\n|-boost|p2a: Dragapult|spe|1\n|move|p1a: Reuniclus|Future Sight|p2a: Dragapult\n|-start|p1a: Reuniclus|move: Future Sight\n|\n|upkeep\n|turn|33\n|\n|switch|p1a: Umbreon|Umbreon, M|36\/100\n|-damage|p1a: Umbreon|24\/100|[from] Stealth Rock\n|move|p2a: Dragapult|Dragon Darts|p1a: Umbreon\n|-damage|p1a: Umbreon|0 fnt\n|faint|p1a: Umbreon\n|\n|upkeep\n|\n|switch|p1a: Hatterene|Hatterene, F|16\/100\n|-damage|p1a: Hatterene|3\/100|[from] Stealth Rock\n|turn|34\n|\n|switch|p1a: Toxapex|Toxapex, F|100\/100\n|-damage|p1a: Toxapex|88\/100|[from] Stealth Rock\n|move|p2a: Dragapult|Sucker Punch||[still]\n|-fail|p2a: Dragapult\n|\n|-end|p2a: Dragapult|move: Future Sight\n|-end|p2a: Dragapult|Substitute\n|upkeep\n|turn|35\n|\n|move|p2a: Dragapult|Substitute|p2a: Dragapult\n|-start|p2a: Dragapult|Substitute\n|-damage|p2a: Dragapult|26\/100\n|move|p1a: Toxapex|Scald|p2a: Dragapult\n|-resisted|p2a: Dragapult\n|-activate|p2a: Dragapult|move: Substitute|[damage]\n|\n|upkeep\n|turn|36\n|\n|move|p2a: Dragapult|Dragon Darts|p1a: Toxapex\n|-damage|p1a: Toxapex|54\/100\n|-anim|p2a: Dragapult|Dragon Darts|p1a: Toxapex\n|-damage|p1a: Toxapex|22\/100\n|move|p1a: Toxapex|Scald|p2a: Dragapult\n|-resisted|p2a: Dragapult\n|-activate|p2a: Dragapult|move: Substitute|[damage]\n|\n|upkeep\n|turn|37\n|-message|Stareal forfeited.\n|\n|win|N30N3\n|l|\u2606Stareal\n|l| Hfjzkc\n|l| cypherstest\n||Ladder (probably) updated, but score could not be retrieved (Response not received).\n|l|\u2606N30N3\n|l| Edwinvf\n","uploadtime":1588530412,"views":226,"p1id":"stareal","p2id":"n30n3","formatid":"gen8ou","rating":0,"private":0,"password":null}