{"id":"gen8ou-1442260653","p1":"RggV","p2":"TheonReekGreyjoy","format":"gen8ou","log":"|j|\u2606RggV\n|j|\u2606TheonReekGreyjoy\n|t:|1635196053\n|gametype|singles\n|player|p1|RggV|scientist|1772\n|player|p2|TheonReekGreyjoy|1|1745\n|teamsize|p1|6\n|teamsize|p2|6\n|gen|8\n|tier|[Gen 8] OU\n|rated|\n|rule|Sleep Clause Mod: Limit one foe put to sleep\n|rule|Species Clause: Limit one of each Pok\u00e9mon\n|rule|OHKO Clause: OHKO moves are banned\n|rule|Evasion Moves Clause: Evasion moves are banned\n|rule|Endless Battle Clause: Forcing endless battles is banned\n|rule|HP Percentage Mod: HP is shown in percentages\n|rule|Dynamax Clause: You cannot dynamax\n|clearpoke\n|poke|p1|Politoed, M|\n|poke|p1|Heliolisk, F|\n|poke|p1|Kingdra, F|\n|poke|p1|Mudsdale, F|\n|poke|p1|Victini|\n|poke|p1|Scizor, F|\n|poke|p2|Mudsdale, M|\n|poke|p2|Heliolisk, M|\n|poke|p2|Politoed, M|\n|poke|p2|Scizor, M|\n|poke|p2|Kingdra, F|\n|poke|p2|Victini|\n|teampreview\n|inactive|Battle timer is ON: inactive players will automatically lose when time's up. (requested by RggV)\n|j| TBJL\n|c|\u2606RggV|Bruh\n|c|\u2606RggV|BRUUUUUH\n|inactive|RggV has 120 seconds left.\n|c|\u2606TheonReekGreyjoy|Lmao\n|\n|t:|1635196088\n|start\n|switch|p1a: Politoed|Politoed, M, shiny|100\/100\n|switch|p2a: Victini|Victini|100\/100\n|-weather|RainDance|[from] ability: Drizzle|[of] p1a: Politoed\n|turn|1\n|\n|t:|1635196093\n|move|p1a: Politoed|Protect|p1a: Politoed\n|-singleturn|p1a: Politoed|Protect\n|move|p2a: Victini|U-turn|p1a: Politoed\n|-activate|p1a: Politoed|move: Protect\n|\n|-weather|RainDance|[upkeep]\n|upkeep\n|turn|2\n|c|\u2606RggV|How's the team working for u\n|c|\u2606RggV|?\n|\n|t:|1635196106\n|move|p2a: Victini|U-turn|p1a: Politoed\n|-damage|p1a: Politoed|76\/100\n|j| Crowv2\n|c|\u2606TheonReekGreyjoy|Its fun, so many underrated Mons\n|c|\u2606RggV|Yeh\n|c| Crowv2|wtf is happening?\n|c|\u2606RggV|This my team LOL\n|j| nbndeop\n|inactive|TheonReekGreyjoy has 120 seconds left.\n|c| Crowv2|no\n|c|\u2606TheonReekGreyjoy|Sometimes struggle with stuff Like Ferrothorn even though theres Tini\n|c|\u2606RggV|Yeah\n|c| Crowv2|these are my teams lol\n|c|\u2606TheonReekGreyjoy|Lol\n|\n|t:|1635196154\n|switch|p2a: Scizor|Scizor, M|100\/100|[from]move: U-turn\n|move|p1a: Politoed|Whirlpool|p2a: Scizor\n|-damage|p2a: Scizor|87\/100\n|-activate|p2a: Scizor|move: Whirlpool|[of] p1a: Politoed\n|\n|-weather|RainDance|[upkeep]\n|-damage|p2a: Scizor|75\/100|[from] move: Whirlpool|[partiallytrapped]\n|upkeep\n|turn|3\n|\n|t:|1635196163\n|move|p1a: Politoed|Protect|p1a: Politoed\n|-singleturn|p1a: Politoed|Protect\n|move|p2a: Scizor|U-turn|p1a: Politoed\n|-activate|p1a: Politoed|move: Protect\n|\n|-weather|RainDance|[upkeep]\n|-damage|p2a: Scizor|63\/100|[from] move: Whirlpool|[partiallytrapped]\n|upkeep\n|turn|4\n|\n|t:|1635196172\n|switch|p1a: Scizor|Scizor, F|100\/100\n|move|p2a: Scizor|Knock Off|p1a: Scizor\n|-damage|p1a: Scizor|74\/100\n|-enditem|p1a: Scizor|Heavy-Duty Boots|[from] move: Knock Off|[of] p2a: Scizor\n|\n|-weather|RainDance|[upkeep]\n|-end|p2a: Scizor|Whirlpool|[partiallytrapped]|[silent]\n|upkeep\n|turn|5\n|inactive|TheonReekGreyjoy has 120 seconds left.\n|\n|t:|1635196181\n|move|p2a: Scizor|Roost|p2a: Scizor\n|-heal|p2a: Scizor|100\/100\n|-singleturn|p2a: Scizor|move: Roost\n|move|p1a: Scizor|U-turn|p2a: Scizor\n|-resisted|p2a: Scizor\n|-damage|p2a: Scizor|87\/100\n|c|\u2606RggV|I have changed some moves tho\n|\n|t:|1635196188\n|switch|p1a: Kingdra|Kingdra, F|100\/100|[from]move: U-turn\n|\n|-weather|RainDance|[upkeep]\n|upkeep\n|turn|6\n|c|\u2606TheonReekGreyjoy|So did I\n|j| Zagazaga\n|inactive|TheonReekGreyjoy has 120 seconds left.\n|c|\u2606TheonReekGreyjoy|Or, rather, I didn't know all your while Sets\n|\n|t:|1635196211\n|switch|p2a: Politoed|Politoed, M|100\/100\n|move|p1a: Kingdra|Draco Meteor|p2a: Politoed\n|-damage|p2a: Politoed|15\/100\n|-unboost|p1a: Kingdra|spa|2\n|\n|-weather|RainDance|[upkeep]\n|upkeep\n|turn|7\n|inactive|TheonReekGreyjoy has 120 seconds left.\n|j| edrala\n|\n|t:|1635196220\n|switch|p2a: Scizor|Scizor, M|87\/100\n|move|p1a: Kingdra|Draco Meteor|p2a: Scizor\n|-resisted|p2a: Scizor\n|-crit|p2a: Scizor\n|-damage|p2a: Scizor|31\/100\n|-unboost|p1a: Kingdra|spa|2\n|\n|-weather|RainDance|[upkeep]\n|upkeep\n|turn|8\n|\n|t:|1635196234\n|switch|p1a: Victini|Victini|100\/100\n|move|p2a: Scizor|Roost|p2a: Scizor\n|-heal|p2a: Scizor|81\/100\n|-singleturn|p2a: Scizor|move: Roost\n|\n|-weather|none\n|upkeep\n|turn|9\n|j| JohhnyWhoJohnnyPoo\n|j| vepp\n|inactive|TheonReekGreyjoy has 120 seconds left.\n|\n|t:|1635196252\n|switch|p2a: Politoed|Politoed, M|15\/100\n|-weather|RainDance|[from] ability: Drizzle|[of] p2a: Politoed\n|move|p1a: Victini|U-turn|p2a: Politoed\n|-damage|p2a: Politoed|0 fnt\n|faint|p2a: Politoed\n|\n|t:|1635196264\n|switch|p1a: Scizor|Scizor, F|74\/100|[from]move: U-turn\n|\n|-weather|RainDance|[upkeep]\n|upkeep\n|inactive|TheonReekGreyjoy has 120 seconds left.\n|\n|t:|1635196274\n|switch|p2a: Kingdra|Kingdra, F|100\/100\n|turn|10\n|l|zagazaga\n|j| WASSUP GG\n|c|\u2606RggV|I'm trying a different toad to deal with pex and ferro\n|\n|t:|1635196294\n|move|p2a: Kingdra|Hurricane|p1a: Scizor\n|-crit|p1a: Scizor\n|-damage|p1a: Scizor|8\/100\n|move|p1a: Scizor|Roost|p1a: Scizor\n|-heal|p1a: Scizor|58\/100\n|-singleturn|p1a: Scizor|move: Roost\n|\n|-weather|RainDance|[upkeep]\n|upkeep\n|turn|11\n|j| Philippe ! Salaud\n|\n|t:|1635196300\n|switch|p1a: Heliolisk|Heliolisk, F|100\/100\n|move|p2a: Kingdra|Hurricane|p1a: Heliolisk\n|-resisted|p1a: Heliolisk\n|-damage|p1a: Heliolisk|64\/100\n|\n|-weather|RainDance|[upkeep]\n|-heal|p1a: Heliolisk|76\/100|[from] ability: Dry Skin\n|upkeep\n|turn|12\n|j| yrdctfgukgbkbgu\n|\n|t:|1635196313\n|switch|p2a: Heliolisk|Heliolisk, M|100\/100\n|move|p1a: Heliolisk|Hyper Voice|p2a: Heliolisk\n|-damage|p2a: Heliolisk|27\/100\n|-damage|p1a: Heliolisk|67\/100|[from] item: Life Orb\n|\n|-weather|RainDance|[upkeep]\n|-heal|p1a: Heliolisk|79\/100|[from] ability: Dry Skin\n|-heal|p2a: Heliolisk|39\/100|[from] ability: Dry Skin\n|upkeep\n|turn|13\n|\n|t:|1635196324\n|switch|p2a: Scizor|Scizor, M|81\/100\n|move|p1a: Heliolisk|Hyper Voice|p2a: Scizor\n|-resisted|p2a: Scizor\n|-crit|p2a: Scizor\n|-damage|p2a: Scizor|46\/100\n|-damage|p1a: Heliolisk|69\/100|[from] item: Life Orb\n|\n|-weather|RainDance|[upkeep]\n|-heal|p1a: Heliolisk|82\/100|[from] ability: Dry Skin\n|upkeep\n|turn|14\n|l| Crowv2\n|j| Berdimuhamedow\n|c| Berdimuhamedow|Heey\n|\n|t:|1635196338\n|switch|p2a: Mudsdale|Mudsdale, M|100\/100\n|move|p1a: Heliolisk|Surf|p2a: Mudsdale\n|-supereffective|p2a: Mudsdale\n|-damage|p2a: Mudsdale|1\/100\n|-ability|p2a: Mudsdale|Stamina|boost\n|-boost|p2a: Mudsdale|def|1\n|-damage|p1a: Heliolisk|72\/100|[from] item: Life Orb\n|\n|-weather|RainDance|[upkeep]\n|-heal|p1a: Heliolisk|84\/100|[from] ability: Dry Skin\n|-heal|p2a: Mudsdale|8\/100|[from] item: Leftovers\n|upkeep\n|turn|15\n|c|\u2606RggV|Lmao this got full\n|c| Berdimuhamedow|Here to learn how to play\n|inactive|TheonReekGreyjoy has 120 seconds left.\n|c| WASSUP GG|bruh same people\n|\n|t:|1635196363\n|move|p1a: Heliolisk|Hyper Voice|p2a: Mudsdale\n|-damage|p2a: Mudsdale|0 fnt\n|faint|p2a: Mudsdale\n|-damage|p1a: Heliolisk|74\/100|[from] item: Life Orb\n|\n|-weather|RainDance|[upkeep]\n|-heal|p1a: Heliolisk|87\/100|[from] ability: Dry Skin\n|upkeep\n|\n|t:|1635196367\n|switch|p2a: Kingdra|Kingdra, F|100\/100\n|turn|16\n|j| burgercute\n|\n|t:|1635196371\n|switch|p1a: Scizor|Scizor, F|58\/100\n|move|p2a: Kingdra|Surf|p1a: Scizor\n|-damage|p1a: Scizor|0 fnt\n|faint|p1a: Scizor\n|\n|-weather|none\n|upkeep\n|j| keep6ftplaya\n|\n|t:|1635196376\n|switch|p1a: Heliolisk|Heliolisk, F|87\/100\n|turn|17\n|\n|t:|1635196397\n|move|p1a: Heliolisk|Hyper Voice|p2a: Kingdra\n|-damage|p2a: Kingdra|41\/100\n|-damage|p1a: Heliolisk|77\/100|[from] item: Life Orb\n|move|p2a: Kingdra|Surf|p1a: Heliolisk\n|-heal|p1a: Heliolisk|100\/100|[from] ability: Dry Skin|[of] p2a: Kingdra\n|\n|upkeep\n|turn|18\n|c|\u2606RggV|LMAO WHY IS THIS SO FULL\n|\n|t:|1635196406\n|switch|p2a: Scizor|Scizor, M|46\/100\n|move|p1a: Heliolisk|Hyper Voice|p2a: Scizor\n|-resisted|p2a: Scizor\n|-damage|p2a: Scizor|26\/100\n|-damage|p1a: Heliolisk|91\/100|[from] item: Life Orb\n|\n|upkeep\n|turn|19\n|\n|t:|1635196409\n|move|p1a: Heliolisk|Volt Switch|p2a: Scizor\n|-damage|p2a: Scizor|0 fnt\n|faint|p2a: Scizor\n|-damage|p1a: Heliolisk|81\/100|[from] item: Life Orb\n|\n|t:|1635196418\n|switch|p1a: Kingdra|Kingdra, F|100\/100|[from]move: Volt Switch\n|\n|upkeep\n|c| Berdimuhamedow|The viwer\n|\n|t:|1635196422\n|switch|p2a: Victini|Victini|100\/100\n|turn|20\n|\n|t:|1635196432\n|move|p2a: Victini|U-turn|p1a: Kingdra\n|-damage|p1a: Kingdra|61\/100\n|\n|t:|1635196435\n|switch|p2a: Heliolisk|Heliolisk, M|39\/100|[from]move: U-turn\n|move|p1a: Kingdra|Draco Meteor|p2a: Heliolisk\n|-damage|p2a: Heliolisk|0 fnt\n|-unboost|p1a: Kingdra|spa|2\n|faint|p2a: Heliolisk\n|\n|upkeep\n|c| burgercute|highest elo in ou\n|\n|t:|1635196443\n|switch|p2a: Victini|Victini|100\/100\n|turn|21\n|c| Berdimuhamedow|Well you are the best people playing\n|\n|t:|1635196457\n|move|p2a: Victini|U-turn|p1a: Kingdra\n|-damage|p1a: Kingdra|26\/100\n|c| WASSUP GG|just realized they have the same team\n|c| Berdimuhamedow|So we take a look\n|\n|t:|1635196472\n|switch|p2a: Kingdra|Kingdra, F|41\/100|[from]move: U-turn\n|move|p1a: Kingdra|Draco Meteor|p2a: Kingdra\n|-supereffective|p2a: Kingdra\n|-damage|p2a: Kingdra|0 fnt\n|-unboost|p1a: Kingdra|spa|2\n|faint|p2a: Kingdra\n|\n|upkeep\n|\n|t:|1635196474\n|switch|p2a: Victini|Victini|100\/100\n|turn|22\n|j| OnGroveStreet\n|c| Berdimuhamedow|Oh right\n|c|\u2606RggV|TheonReekGreyjoy I changed hurricane for ice beam\n|\n|t:|1635196490\n|move|p2a: Victini|Zen Headbutt|p1a: Kingdra\n|-damage|p1a: Kingdra|0 fnt\n|faint|p1a: Kingdra\n|\n|upkeep\n|\n|t:|1635196493\n|switch|p1a: Mudsdale|Mudsdale, F, shiny|100\/100\n|turn|23\n|\n|t:|1635196497\n|move|p2a: Victini|Zen Headbutt|p1a: Mudsdale\n|-damage|p1a: Mudsdale|70\/100\n|-ability|p1a: Mudsdale|Stamina|boost\n|-boost|p1a: Mudsdale|def|1\n|move|p1a: Mudsdale|Earthquake|p2a: Victini\n|-supereffective|p2a: Victini\n|-damage|p2a: Victini|19\/100\n|\n|-heal|p1a: Mudsdale|76\/100|[from] item: Leftovers\n|upkeep\n|turn|24\n|\n|t:|1635196500\n|move|p2a: Victini|Zen Headbutt|p1a: Mudsdale\n|-damage|p1a: Mudsdale|53\/100\n|-ability|p1a: Mudsdale|Stamina|boost\n|-boost|p1a: Mudsdale|def|1\n|move|p1a: Mudsdale|Earthquake|p2a: Victini\n|-supereffective|p2a: Victini\n|-damage|p2a: Victini|0 fnt\n|faint|p2a: Victini\n|\n|win|RggV\n|raw|RggV's rating: 1772 &rarr; <strong>1790<\/strong><br \/>(+18 for winning)\n|raw|TheonReekGreyjoy's rating: 1745 &rarr; <strong>1727<\/strong><br \/>(-18 for losing)\n|l| TBJL\n|j| jkljkljklbnm\n|c| Berdimuhamedow|Gg\n|c|\u2606RggV|Gg\n|c|\u2606TheonReekGreyjoy|Gg\n|l| WASSUP GG\n|l| yrdctfgukgbkbgu\n|l| JohhnyWhoJohnnyPoo\n|l| jkljkljklbnm\n|c|\u2606RggV|I can give you some stuff on the team if you'd like\n|c| Berdimuhamedow|It was cool\n|c| Berdimuhamedow|Oh yes !\n|c| Berdimuhamedow|Discord?\n|l| nbndeop\n||Ladder isn't responding, score probably updated but might not have (Request timeout).\n|l| vepp\n|c|\u2606RggV|Uuhh it would be through here I think I dont have discord on my phone rn\n|c| Berdimuhamedow|Insta ?\n","uploadtime":1635196572,"views":66,"p1id":"rggv","p2id":"theonreekgreyjoy","formatid":"gen8ou","rating":1727,"private":0,"password":null}