{"id":"gen8ou-1629334459","p1":"mekki the poison","p2":"LT91BBStepthaClown","format":"gen8ou","log":"|raw|<div class=\"broadcast-blue\"><strong>This battle is required to be public due to a player having a name starting with 'lt91bb'.<\/div>\n|j|\u2606mekki the poison\n|j|\u2606LT91BBStepthaClown\n|t:|1659291905\n|gametype|singles\n|player|p1|mekki the poison|cheren|1832\n|player|p2|LT91BBStepthaClown|clown|1899\n|teamsize|p1|6\n|teamsize|p2|6\n|gen|8\n|tier|[Gen 8] OU\n|rated|\n|rule|Sleep Clause Mod: Limit one foe put to sleep\n|rule|Species Clause: Limit one of each Pok\u00e9mon\n|rule|OHKO Clause: OHKO moves are banned\n|rule|Evasion Moves Clause: Evasion moves are banned\n|rule|Endless Battle Clause: Forcing endless battles is banned\n|rule|HP Percentage Mod: HP is shown in percentages\n|rule|Dynamax Clause: You cannot dynamax\n|clearpoke\n|poke|p1|Garchomp, F|\n|poke|p1|Volcarona, M|\n|poke|p1|Kartana|\n|poke|p1|Tapu Fini|\n|poke|p1|Heatran, F|\n|poke|p1|Tornadus-Therian, M|\n|poke|p2|Garchomp, F|\n|poke|p2|Hawlucha, M|\n|poke|p2|Tapu Lele|\n|poke|p2|Kartana|\n|poke|p2|Tapu Fini|\n|poke|p2|Landorus-Therian, M|\n|teampreview\n|j| Gawayne\n|\n|t:|1659291933\n|start\n|switch|p1a: Tornadus|Tornadus-Therian, M|100\/100\n|switch|p2a: Garchomp|Garchomp, F|100\/100\n|turn|1\n|inactive|Battle timer is ON: inactive players will automatically lose when time's up. (requested by LT91BBStepthaClown)\n|\n|t:|1659291942\n|move|p1a: Tornadus|Knock Off|p2a: Garchomp\n|-damage|p2a: Garchomp|79\/100\n|-damage|p1a: Tornadus|88\/100|[from] ability: Rough Skin|[of] p2a: Garchomp\n|-enditem|p2a: Garchomp|Life Orb|[from] move: Knock Off|[of] p1a: Tornadus\n|move|p2a: Garchomp|Stealth Rock|p1a: Tornadus\n|-sidestart|p1: mekki the poison|move: Stealth Rock\n|\n|upkeep\n|turn|2\n|j| LT91BB Empo\n|\n|t:|1659291950\n|move|p1a: Tornadus|Hurricane|p2a: Garchomp\n|-damage|p2a: Garchomp|37\/100\n|-start|p2a: Garchomp|confusion\n|-activate|p2a: Garchomp|confusion\n|-damage|p2a: Garchomp|22\/100|[from] confusion\n|\n|upkeep\n|turn|3\n|\n|t:|1659291954\n|move|p1a: Tornadus|Hurricane|p2a: Garchomp\n|-damage|p2a: Garchomp|0 fnt\n|faint|p2a: Garchomp\n|\n|upkeep\n|\n|t:|1659291958\n|switch|p2a: Tapu Lele|Tapu Lele|100\/100\n|-fieldstart|move: Psychic Terrain|[from] ability: Psychic Surge|[of] p2a: Tapu Lele\n|turn|4\n|\n|t:|1659291961\n|move|p1a: Tornadus|Knock Off|p2a: Tapu Lele\n|-damage|p2a: Tapu Lele|77\/100\n|-enditem|p2a: Tapu Lele|Life Orb|[from] move: Knock Off|[of] p1a: Tornadus\n|move|p2a: Tapu Lele|Calm Mind|p2a: Tapu Lele\n|-boost|p2a: Tapu Lele|spa|1\n|-boost|p2a: Tapu Lele|spd|1\n|\n|upkeep\n|turn|5\n|\n|t:|1659291968\n|move|p1a: Tornadus|U-turn|p2a: Tapu Lele\n|-damage|p2a: Tapu Lele|57\/100\n|\n|t:|1659291970\n|switch|p1a: Heatran|Heatran, F|100\/100|[from]move: U-turn\n|-damage|p1a: Heatran|88\/100|[from] Stealth Rock\n|move|p2a: Tapu Lele|Moonblast|p1a: Heatran\n|-resisted|p1a: Heatran\n|-damage|p1a: Heatran|71\/100\n|\n|-heal|p1a: Heatran|77\/100|[from] item: Leftovers\n|upkeep\n|turn|6\n|\n|t:|1659291974\n|switch|p1a: Tornadus|Tornadus-Therian, M|100\/100\n|-damage|p1a: Tornadus|76\/100|[from] Stealth Rock\n|move|p2a: Tapu Lele|Focus Blast|p1a: Tornadus\n|-resisted|p1a: Tornadus\n|-crit|p1a: Tornadus\n|-damage|p1a: Tornadus|43\/100\n|\n|upkeep\n|turn|7\n|j| LT91BB Raizen\n|\n|t:|1659291980\n|move|p1a: Tornadus|U-turn|p2a: Tapu Lele\n|-damage|p2a: Tapu Lele|38\/100\n|\n|t:|1659291981\n|switch|p1a: Heatran|Heatran, F|77\/100|[from]move: U-turn\n|-damage|p1a: Heatran|64\/100|[from] Stealth Rock\n|move|p2a: Tapu Lele|Psyshock|p1a: Heatran\n|-resisted|p1a: Heatran\n|-damage|p1a: Heatran|38\/100\n|\n|-heal|p1a: Heatran|44\/100|[from] item: Leftovers\n|upkeep\n|turn|8\n|\n|t:|1659291987\n|move|p2a: Tapu Lele|Focus Blast|p1a: Heatran\n|-supereffective|p1a: Heatran\n|-damage|p1a: Heatran|0 fnt\n|faint|p1a: Heatran\n|\n|-fieldend|move: Psychic Terrain\n|upkeep\n|\n|t:|1659291990\n|switch|p1a: Kartana|Kartana|100\/100\n|-damage|p1a: Kartana|94\/100|[from] Stealth Rock\n|turn|9\n|\n|t:|1659291995\n|switch|p2a: Landorus|Landorus-Therian, M|100\/100\n|-ability|p2a: Landorus|Intimidate|boost\n|-unboost|p1a: Kartana|atk|1\n|move|p1a: Kartana|Leaf Blade|p2a: Landorus\n|-damage|p2a: Landorus|50\/100\n|\n|upkeep\n|turn|10\n|\n|t:|1659292003\n|switch|p1a: Volcarona|Volcarona, M|100\/100\n|switch|p2a: Kartana|Kartana|100\/100\n|\n|upkeep\n|turn|11\n|\n|t:|1659292008\n|move|p2a: Kartana|Knock Off|p1a: Volcarona\n|-damage|p1a: Volcarona|0 fnt\n|-enditem|p1a: Volcarona|Heavy-Duty Boots|[from] move: Knock Off|[of] p2a: Kartana\n|faint|p1a: Volcarona\n|-ability|p2a: Kartana|Beast Boost|boost\n|-boost|p2a: Kartana|atk|1\n|\n|upkeep\n|\n|t:|1659292013\n|switch|p1a: Tornadus|Tornadus-Therian, M|76\/100\n|-damage|p1a: Tornadus|51\/100|[from] Stealth Rock\n|turn|12\n|\n|t:|1659292024\n|switch|p2a: Tapu Fini|Tapu Fini|100\/100\n|-fieldstart|move: Misty Terrain|[from] ability: Misty Surge|[of] p2a: Tapu Fini\n|move|p1a: Tornadus|Heat Wave|p2a: Tapu Fini\n|-resisted|p2a: Tapu Fini\n|-damage|p2a: Tapu Fini|91\/100\n|\n|-heal|p2a: Tapu Fini|97\/100|[from] item: Leftovers\n|upkeep\n|turn|13\n|j| AtraX Madara\n|l| AtraX Madara\n|\n|t:|1659292036\n|move|p1a: Tornadus|U-turn|p2a: Tapu Fini\n|-resisted|p2a: Tapu Fini\n|-damage|p2a: Tapu Fini|91\/100\n|\n|t:|1659292039\n|switch|p1a: Kartana|Kartana|94\/100|[from]move: U-turn\n|-damage|p1a: Kartana|88\/100|[from] Stealth Rock\n|move|p2a: Tapu Fini|Scald|p1a: Kartana\n|-resisted|p1a: Kartana\n|-damage|p1a: Kartana|35\/100\n|\n|-heal|p2a: Tapu Fini|97\/100|[from] item: Leftovers\n|upkeep\n|turn|14\n|j| arbok13\n|\n|t:|1659292055\n|switch|p1a: Tapu Fini|Tapu Fini|100\/100\n|-damage|p1a: Tapu Fini|88\/100|[from] Stealth Rock\n|switch|p2a: Kartana|Kartana|100\/100\n|\n|-heal|p1a: Tapu Fini|94\/100|[from] item: Leftovers\n|upkeep\n|turn|15\n|\n|t:|1659292061\n|switch|p1a: Tornadus|Tornadus-Therian, M|84\/100\n|-damage|p1a: Tornadus|59\/100|[from] Stealth Rock\n|move|p2a: Kartana|Leaf Blade|p1a: Tornadus\n|-resisted|p1a: Tornadus\n|-damage|p1a: Tornadus|12\/100\n|\n|upkeep\n|turn|16\n|\n|t:|1659292068\n|switch|p2a: Tapu Fini|Tapu Fini|97\/100\n|move|p1a: Tornadus|Hurricane|p2a: Tapu Fini|[miss]\n|-miss|p1a: Tornadus|p2a: Tapu Fini\n|\n|-heal|p2a: Tapu Fini|100\/100|[from] item: Leftovers\n|-fieldend|Misty Terrain\n|upkeep\n|turn|17\n|\n|t:|1659292072\n|move|p1a: Tornadus|U-turn|p2a: Tapu Fini\n|-resisted|p2a: Tapu Fini\n|-damage|p2a: Tapu Fini|94\/100\n|\n|t:|1659292073\n|switch|p1a: Tapu Fini|Tapu Fini|94\/100|[from]move: U-turn\n|-damage|p1a: Tapu Fini|82\/100|[from] Stealth Rock\n|-fieldstart|move: Misty Terrain|[from] ability: Misty Surge|[of] p1a: Tapu Fini\n|move|p2a: Tapu Fini|Scald|p1a: Tapu Fini\n|-resisted|p1a: Tapu Fini\n|-crit|p1a: Tapu Fini\n|-damage|p1a: Tapu Fini|63\/100\n|\n|-heal|p2a: Tapu Fini|100\/100|[from] item: Leftovers\n|-heal|p1a: Tapu Fini|69\/100|[from] item: Leftovers\n|upkeep\n|turn|18\n|\n|t:|1659292081\n|switch|p1a: Tornadus|Tornadus-Therian, M|45\/100\n|-damage|p1a: Tornadus|20\/100|[from] Stealth Rock\n|move|p2a: Tapu Fini|Taunt|p1a: Tornadus\n|-start|p1a: Tornadus|move: Taunt\n|\n|upkeep\n|turn|19\n|\n|t:|1659292084\n|move|p1a: Tornadus|U-turn|p2a: Tapu Fini\n|-resisted|p2a: Tapu Fini\n|-damage|p2a: Tapu Fini|95\/100\n|\n|t:|1659292086\n|switch|p1a: Tapu Fini|Tapu Fini|69\/100|[from]move: U-turn\n|-damage|p1a: Tapu Fini|56\/100|[from] Stealth Rock\n|move|p2a: Tapu Fini|Scald|p1a: Tapu Fini\n|-resisted|p1a: Tapu Fini\n|-damage|p1a: Tapu Fini|45\/100\n|\n|-heal|p2a: Tapu Fini|100\/100|[from] item: Leftovers\n|-heal|p1a: Tapu Fini|51\/100|[from] item: Leftovers\n|upkeep\n|turn|20\n|\n|t:|1659292098\n|move|p2a: Tapu Fini|Scald|p1a: Tapu Fini\n|-resisted|p1a: Tapu Fini\n|-damage|p1a: Tapu Fini|39\/100\n|move|p1a: Tapu Fini|Whirlpool|p2a: Tapu Fini\n|-resisted|p2a: Tapu Fini\n|-damage|p2a: Tapu Fini|96\/100\n|-activate|p2a: Tapu Fini|move: Whirlpool|[of] p1a: Tapu Fini\n|\n|-heal|p2a: Tapu Fini|100\/100|[from] item: Leftovers\n|-heal|p1a: Tapu Fini|45\/100|[from] item: Leftovers\n|-damage|p2a: Tapu Fini|88\/100|[from] move: Whirlpool|[partiallytrapped]\n|upkeep\n|turn|21\n|\n|t:|1659292101\n|move|p2a: Tapu Fini|Calm Mind|p2a: Tapu Fini\n|-boost|p2a: Tapu Fini|spa|1\n|-boost|p2a: Tapu Fini|spd|1\n|move|p1a: Tapu Fini|Nature's Madness|p2a: Tapu Fini\n|-damage|p2a: Tapu Fini|45\/100\n|\n|-heal|p2a: Tapu Fini|51\/100|[from] item: Leftovers\n|-heal|p1a: Tapu Fini|51\/100|[from] item: Leftovers\n|-damage|p2a: Tapu Fini|38\/100|[from] move: Whirlpool|[partiallytrapped]\n|-fieldend|Misty Terrain\n|upkeep\n|turn|22\n|\n|t:|1659292105\n|move|p2a: Tapu Fini|Draining Kiss|p1a: Tapu Fini\n|-damage|p1a: Tapu Fini|27\/100\n|-heal|p2a: Tapu Fini|57\/100|[from] drain|[of] p1a: Tapu Fini\n|move|p1a: Tapu Fini|Nature's Madness|p2a: Tapu Fini\n|-damage|p2a: Tapu Fini|29\/100\n|\n|-heal|p2a: Tapu Fini|35\/100|[from] item: Leftovers\n|-heal|p1a: Tapu Fini|33\/100|[from] item: Leftovers\n|-damage|p2a: Tapu Fini|23\/100|[from] move: Whirlpool|[partiallytrapped]\n|upkeep\n|turn|23\n|\n|t:|1659292111\n|move|p2a: Tapu Fini|Draining Kiss|p1a: Tapu Fini\n|-damage|p1a: Tapu Fini|8\/100\n|-heal|p2a: Tapu Fini|41\/100|[from] drain|[of] p1a: Tapu Fini\n|move|p1a: Tapu Fini|Moonblast|p2a: Tapu Fini\n|-damage|p2a: Tapu Fini|25\/100\n|\n|-heal|p2a: Tapu Fini|31\/100|[from] item: Leftovers\n|-heal|p1a: Tapu Fini|14\/100|[from] item: Leftovers\n|-damage|p2a: Tapu Fini|19\/100|[from] move: Whirlpool|[partiallytrapped]\n|upkeep\n|turn|24\n|\n|t:|1659292117\n|move|p2a: Tapu Fini|Scald|p1a: Tapu Fini\n|-resisted|p1a: Tapu Fini\n|-damage|p1a: Tapu Fini|0 fnt\n|faint|p1a: Tapu Fini\n|\n|-heal|p2a: Tapu Fini|25\/100|[from] item: Leftovers\n|-end|p2a: Tapu Fini|Whirlpool|[partiallytrapped]\n|upkeep\n|\n|t:|1659292120\n|switch|p1a: Garchomp|Garchomp, F|100\/100\n|-damage|p1a: Garchomp|94\/100|[from] Stealth Rock\n|turn|25\n|\n|t:|1659292125\n|move|p1a: Garchomp|Swords Dance|p1a: Garchomp\n|-boost|p1a: Garchomp|atk|2\n|move|p2a: Tapu Fini|Draining Kiss|p1a: Garchomp\n|-supereffective|p1a: Garchomp\n|-damage|p1a: Garchomp|19\/100\n|-heal|p2a: Tapu Fini|84\/100|[from] drain|[of] p1a: Garchomp\n|-damage|p2a: Tapu Fini|72\/100|[from] ability: Rough Skin|[of] p1a: Garchomp\n|\n|-heal|p2a: Tapu Fini|78\/100|[from] item: Leftovers\n|upkeep\n|turn|26\n|\n|t:|1659292130\n|switch|p2a: Tapu Lele|Tapu Lele|38\/100\n|-fieldstart|move: Psychic Terrain|[from] ability: Psychic Surge|[of] p2a: Tapu Lele\n|move|p1a: Garchomp|Earthquake|p2a: Tapu Lele\n|-damage|p2a: Tapu Lele|0 fnt\n|faint|p2a: Tapu Lele\n|-damage|p1a: Garchomp|9\/100|[from] item: Life Orb\n|\n|upkeep\n|-message|mekki the poison forfeited.\n|\n|win|LT91BBStepthaClown\n|raw|mekki the poison's rating: 1832 &rarr; <strong>1816<\/strong><br \/>(-16 for losing)\n|raw|LT91BBStepthaClown's rating: 1899 &rarr; <strong>1915<\/strong><br \/>(+16 for winning)\n|l|\u2606mekki the poison\n|l|\u2606LT91BBStepthaClown\n||Ladder isn't responding, score probably updated but might not have (Request timeout).\n|l| LT91BB Raizen\n|j| MGZ mlo\n","uploadtime":1659292369,"views":40,"p1id":"mekkithepoison","p2id":"lt91bbstepthaclown","formatid":"gen8ou","rating":1816,"private":0,"password":null}