{"id":"gen8ou-1693855530","p1":"SeaJay1810","p2":"IIIodyne","format":"gen8ou","log":"|html|<div class=\"broadcast-blue\"><strong>[Gen 8] OU is currently suspecting Melmetal! For information on how to participate check out the <a href=\"https:\/\/www.smogon.com\/forums\/threads\/np-ss-ou-suspect-process-round-12-monster-mash.3709234\/\">suspect thread<\/a>.<\/strong><\/div>\n|j|\u2606SeaJay1810\n|j|\u2606IIIodyne\n|inactive|Battle timer is ON: inactive players will automatically lose when time's up.\n|t:|1666641110\n|gametype|singles\n|player|p1|SeaJay1810|pryce|\n|player|p2|IIIodyne|2|\n|teamsize|p1|6\n|teamsize|p2|6\n|gen|8\n|tier|[Gen 8] OU\n|rated|Tournament battle\n|rule|Sleep Clause Mod: Limit one foe put to sleep\n|rule|Species Clause: Limit one of each Pok\u00e9mon\n|rule|OHKO Clause: OHKO moves are banned\n|rule|Evasion Items Clause: Evasion items are banned\n|rule|Evasion Moves Clause: Evasion moves are banned\n|rule|Endless Battle Clause: Forcing endless battles is banned\n|rule|HP Percentage Mod: HP is shown in percentages\n|rule|Dynamax Clause: You cannot dynamax\n|clearpoke\n|poke|p1|Slowking-Galar, M|\n|poke|p1|Urshifu-*, M|\n|poke|p1|Garchomp, M|\n|poke|p1|Weavile, F|\n|poke|p1|Corviknight, F|\n|poke|p1|Rillaboom, M|\n|poke|p2|Snorlax, M|\n|poke|p2|Suicune|\n|poke|p2|Melmetal|\n|poke|p2|Victini|\n|poke|p2|Landorus-Therian, M|\n|poke|p2|Zapdos|\n|teampreview\n|inactive|SeaJay1810 also wants the timer to be on.\n|c|\u2606IIIodyne|hf\n|j|@Sww-Suwa\n|j| testingteams888\n|j| halsik\n|j| natdexfunnn\n|j| pinorska\n|j| TheLogImusPrime\n|j| OUTD smoolicalt\n|j| cypherstest\n|j| Adopted\n|c|\u2606SeaJay1810|hf\n|j| Quizziii\n|inactive|SeaJay1810 has 120 seconds left.\n|\n|t:|1666641141\n|start\n|switch|p1a: Weavile|Weavile, F|100\/100\n|switch|p2a: Suicune|Suicune|100\/100\n|-ability|p1a: Weavile|Pressure\n|-ability|p2a: Suicune|Pressure\n|turn|1\n|j| Drop a burn\n|inactive|SeaJay1810 has 120 seconds left.\n|j|%moondazing\n|\n|t:|1666641187\n|switch|p1a: Slowking|Slowking-Galar, M|100\/100\n|move|p2a: Suicune|Scald|p1a: Slowking\n|-damage|p1a: Slowking|91\/100\n|\n|upkeep\n|turn|2\n|j| iniub\n|j| SoarApollo\n|\n|t:|1666641196\n|switch|p2a: Victini|Victini|100\/100\n|move|p1a: Slowking|Future Sight|p2a: Victini\n|-start|p1a: Slowking|move: Future Sight\n|\n|upkeep\n|turn|3\n|inactive|SeaJay1810 has 120 seconds left.\n|j| EndercrusherPoke\n|j| Faceblue\n|\n|t:|1666641216\n|move|p2a: Victini|V-create|p1a: Slowking\n|-damage|p1a: Slowking|0 fnt\n|-unboost|p2a: Victini|spe|1\n|-unboost|p2a: Victini|def|1\n|-unboost|p2a: Victini|spd|1\n|faint|p1a: Slowking\n|\n|upkeep\n|j| JoeDirtt\n|\n|t:|1666641237\n|switch|p1a: Urshifu|Urshifu-Rapid-Strike, M|100\/100\n|turn|4\n|l| SoarApollo\n|\n|t:|1666641253\n|switch|p2a: Snorlax|Snorlax, M|100\/100\n|move|p1a: Urshifu|Surging Strikes|p2a: Snorlax\n|-crit|p2a: Snorlax\n|-damage|p2a: Snorlax|75\/100\n|-crit|p2a: Snorlax\n|-damage|p2a: Snorlax|46\/100\n|-crit|p2a: Snorlax\n|-damage|p2a: Snorlax|21\/100\n|-hitcount|p2a: Snorlax|3\n|\n|-end|p2a: Snorlax|move: Future Sight\n|-damage|p2a: Snorlax|0 fnt\n|faint|p2a: Snorlax\n|upkeep\n|j| Lotad Enjoyer\n|j| GoatNoir\n|\n|t:|1666641269\n|switch|p2a: Zapdos|Zapdos|100\/100\n|turn|5\n|inactive|SeaJay1810 has 90 seconds left.\n|\n|t:|1666641301\n|switch|p1a: Garchomp|Garchomp, M|100\/100\n|move|p2a: Zapdos|Hurricane|p1a: Garchomp|[miss]\n|-miss|p2a: Zapdos|p1a: Garchomp\n|\n|upkeep\n|turn|6\n|\n|t:|1666641312\n|switch|p2a: Suicune|Suicune|100\/100\n|-ability|p2a: Suicune|Pressure\n|move|p1a: Garchomp|Toxic|p2a: Suicune\n|-status|p2a: Suicune|tox\n|\n|-damage|p2a: Suicune|94\/100 tox|[from] psn\n|upkeep\n|turn|7\n|\n|t:|1666641323\n|switch|p1a: Corviknight|Corviknight, F|100\/100\n|-ability|p1a: Corviknight|Pressure\n|move|p2a: Suicune|Ice Beam|p1a: Corviknight\n|-damage|p1a: Corviknight|82\/100\n|\n|-heal|p2a: Suicune|100\/100 tox|[from] item: Leftovers\n|-damage|p2a: Suicune|88\/100 tox|[from] psn\n|upkeep\n|turn|8\n|\n|t:|1666641327\n|switch|p2a: Zapdos|Zapdos|100\/100\n|move|p1a: Corviknight|U-turn|p2a: Zapdos\n|-resisted|p2a: Zapdos\n|-damage|p2a: Zapdos|92\/100\n|-status|p1a: Corviknight|par|[from] ability: Static|[of] p2a: Zapdos\n|\n|t:|1666641335\n|switch|p1a: Garchomp|Garchomp, M|100\/100|[from]move: U-turn\n|\n|upkeep\n|turn|9\n|\n|t:|1666641339\n|move|p2a: Zapdos|Hurricane|p1a: Garchomp\n|-damage|p1a: Garchomp|61\/100\n|move|p1a: Garchomp|Dragon Tail|p2a: Zapdos\n|-damage|p2a: Zapdos|65\/100\n|-status|p1a: Garchomp|par|[from] ability: Static|[of] p2a: Zapdos\n|drag|p2a: Victini|Victini|100\/100\n|\n|-heal|p1a: Garchomp|67\/100 par|[from] item: Leftovers\n|upkeep\n|turn|10\n|inactive|SeaJay1810 has 120 seconds left.\n|\n|t:|1666641351\n|switch|p2a: Landorus|Landorus-Therian, M|100\/100\n|-ability|p2a: Landorus|Intimidate|boost\n|-unboost|p1a: Garchomp|atk|1\n|move|p1a: Garchomp|Stealth Rock|p2a: Landorus\n|-sidestart|p2: IIIodyne|move: Stealth Rock\n|\n|-heal|p1a: Garchomp|74\/100 par|[from] item: Leftovers\n|upkeep\n|turn|11\n|\n|t:|1666641358\n|move|p2a: Landorus|Knock Off|p1a: Garchomp\n|-damage|p1a: Garchomp|40\/100 par\n|-damage|p2a: Landorus|88\/100|[from] ability: Rough Skin|[of] p1a: Garchomp\n|-enditem|p1a: Garchomp|Leftovers|[from] move: Knock Off|[of] p2a: Landorus\n|move|p1a: Garchomp|Toxic|p2a: Landorus\n|-status|p2a: Landorus|tox\n|\n|-damage|p2a: Landorus|82\/100 tox|[from] psn\n|upkeep\n|turn|12\n|\n|t:|1666641374\n|move|p2a: Landorus|Knock Off|p1a: Garchomp\n|-damage|p1a: Garchomp|17\/100 par\n|-damage|p2a: Landorus|70\/100 tox|[from] ability: Rough Skin|[of] p1a: Garchomp\n|move|p1a: Garchomp|Dragon Tail|p2a: Landorus\n|-damage|p2a: Landorus|51\/100 tox\n|drag|p2a: Suicune|Suicune|88\/100 tox\n|-damage|p2a: Suicune|76\/100 tox|[from] Stealth Rock\n|-ability|p2a: Suicune|Pressure\n|\n|-heal|p2a: Suicune|82\/100 tox|[from] item: Leftovers\n|-damage|p2a: Suicune|76\/100 tox|[from] psn\n|upkeep\n|turn|13\n|\n|t:|1666641384\n|move|p2a: Suicune|Scald|p1a: Garchomp\n|-damage|p1a: Garchomp|0 fnt\n|faint|p1a: Garchomp\n|\n|-heal|p2a: Suicune|82\/100 tox|[from] item: Leftovers\n|-damage|p2a: Suicune|69\/100 tox|[from] psn\n|upkeep\n|\n|t:|1666641387\n|switch|p1a: Rillaboom|Rillaboom, M|100\/100\n|-fieldstart|move: Grassy Terrain|[from] ability: Grassy Surge|[of] p1a: Rillaboom\n|turn|14\n|j| lbvw blaze\n|inactive|SeaJay1810 has 120 seconds left.\n|\n|t:|1666641424\n|switch|p2a: Landorus|Landorus-Therian, M|51\/100 tox\n|-damage|p2a: Landorus|39\/100 tox|[from] Stealth Rock\n|-ability|p2a: Landorus|Intimidate|boost\n|-unboost|p1a: Rillaboom|atk|1\n|move|p1a: Rillaboom|Swords Dance|p1a: Rillaboom\n|-boost|p1a: Rillaboom|atk|2\n|\n|-damage|p2a: Landorus|33\/100 tox|[from] psn\n|upkeep\n|turn|15\n|\n|t:|1666641431\n|move|p1a: Rillaboom|Grassy Glide|p2a: Landorus\n|-damage|p2a: Landorus|0 fnt\n|faint|p2a: Landorus\n|-damage|p1a: Rillaboom|91\/100|[from] item: Life Orb\n|\n|-heal|p1a: Rillaboom|97\/100|[from] Grassy Terrain\n|upkeep\n|l| iniub\n|\n|t:|1666641439\n|switch|p2a: Victini|Victini|100\/100\n|-damage|p2a: Victini|76\/100|[from] Stealth Rock\n|turn|16\n|j| Jynx nuggets\n|inactive|SeaJay1810 has 120 seconds left.\n|\n|t:|1666641460\n|switch|p1a: Urshifu|Urshifu-Rapid-Strike, M|100\/100\n|move|p2a: Victini|Bolt Strike|p1a: Urshifu\n|-supereffective|p1a: Urshifu\n|-damage|p1a: Urshifu|0 fnt\n|faint|p1a: Urshifu\n|\n|-heal|p2a: Victini|82\/100|[from] Grassy Terrain\n|upkeep\n|-message|SeaJay1810 forfeited.\n|\n|win|IIIodyne\n|n|\u2606SeaJay1810|seajay1810\n|n|\u2606IIIodyne|iiiodyne\n|n| Sww-Suwa|swwsuwa\n|n| testingteams888|testingteams888\n|n| halsik|halsik\n|n| natdexfunnn|natdexfunnn\n|n| pinorska|pinorska\n|n| TheLogImusPrime|thelogimusprime\n|n| OUTD smoolicalt|outdsmoolicalt\n|n| cypherstest|cypherstest\n|n| Adopted|adopted\n|n| Quizziii|quizziii\n|n| Drop a burn|dropaburn\n|n|+moondazing|moondazing\n|n| EndercrusherPoke|endercrusherpoke\n|n| Faceblue|faceblue\n|n| JoeDirtt|joedirtt\n|n| Lotad Enjoyer|lotadenjoyer\n|n| GoatNoir|goatnoir\n|n| lbvw blaze|lbvwblaze\n|n| Jynx nuggets|jynxnuggets\n|l|\u2606SeaJay1810\n|c|\u2606IIIodyne|gg\n|l| Lotad Enjoyer\n|l| Drop a burn\n","uploadtime":1666641464,"views":18,"p1id":"seajay1810","p2id":"iiiodyne","formatid":"gen8ou","rating":0,"private":0,"password":null}