{"id":"gen8ou-1668565620","p1":"chansey and lulu","p2":"gmax bouffalant","format":"gen8ou","log":"|j|\u2606chansey and lulu\n|j|\u2606gmax bouffalant\n|t:|1663637801\n|gametype|singles\n|player|p1|chansey and lulu|1|1706\n|player|p2|gmax bouffalant|lucas|1747\n|teamsize|p1|6\n|teamsize|p2|6\n|gen|8\n|tier|[Gen 8] OU\n|rated|\n|rule|Sleep Clause Mod: Limit one foe put to sleep\n|rule|Species Clause: Limit one of each Pok\u00e9mon\n|rule|OHKO Clause: OHKO moves are banned\n|rule|Evasion Items Clause: Evasion items are banned\n|rule|Evasion Moves Clause: Evasion moves are banned\n|rule|Endless Battle Clause: Forcing endless battles is banned\n|rule|HP Percentage Mod: HP is shown in percentages\n|rule|Dynamax Clause: You cannot dynamax\n|clearpoke\n|poke|p1|Rillaboom, M|\n|poke|p1|Tornadus-Therian, M|\n|poke|p1|Blaziken, M|\n|poke|p1|Melmetal|\n|poke|p1|Garchomp, F|\n|poke|p1|Slowbro, F|\n|poke|p2|Haxorus, F|\n|poke|p2|Excadrill, M|\n|poke|p2|Moltres-Galar|\n|poke|p2|Kartana|\n|poke|p2|Mimikyu, F|\n|poke|p2|Volcarona, M|\n|teampreview\n|\n|t:|1663637827\n|start\n|switch|p1a: Tornadus|Tornadus-Therian, M|100\/100\n|switch|p2a: Excadrill|Excadrill, M|100\/100\n|-ability|p2a: Excadrill|Mold Breaker\n|turn|1\n|j| kayser1234567\n|\n|t:|1663637835\n|move|p1a: Tornadus|Knock Off|p2a: Excadrill\n|-damage|p2a: Excadrill|70\/100\n|-enditem|p2a: Excadrill|Focus Sash|[from] move: Knock Off|[of] p1a: Tornadus\n|move|p2a: Excadrill|Rapid Spin|p1a: Tornadus\n|-damage|p1a: Tornadus|83\/100\n|-boost|p2a: Excadrill|spe|1\n|\n|upkeep\n|turn|2\n|\n|t:|1663637847\n|move|p2a: Excadrill|Stealth Rock|p1a: Tornadus\n|-sidestart|p1: chansey and lulu|move: Stealth Rock\n|move|p1a: Tornadus|Heat Wave|p2a: Excadrill\n|-supereffective|p2a: Excadrill\n|-damage|p2a: Excadrill|9\/100\n|\n|upkeep\n|turn|3\n|j| liangash\n|\n|t:|1663637871\n|move|p2a: Excadrill|Steel Beam|p1a: Tornadus\n|-damage|p1a: Tornadus|57\/100\n|-damage|p2a: Excadrill|0 fnt|[from] mindblown\n|faint|p2a: Excadrill\n|move|p1a: Tornadus|Defog|p2: Excadrill|[notarget]\n|-fail|p1a: Tornadus\n|\n|upkeep\n|\n|t:|1663637874\n|switch|p2a: Haxorus|Haxorus, F|100\/100\n|-ability|p2a: Haxorus|Mold Breaker\n|turn|4\n|\n|t:|1663637888\n|move|p1a: Tornadus|U-turn|p2a: Haxorus\n|-damage|p2a: Haxorus|82\/100\n|\n|t:|1663637893\n|switch|p1a: Slowbro|Slowbro, F|100\/100|[from]move: U-turn\n|-damage|p1a: Slowbro|88\/100|[from] Stealth Rock\n|move|p2a: Haxorus|Swords Dance|p2a: Haxorus\n|-boost|p2a: Haxorus|atk|2\n|\n|upkeep\n|turn|5\n|\n|t:|1663637907\n|move|p2a: Haxorus|Scale Shot|p1a: Slowbro\n|-damage|p1a: Slowbro|65\/100\n|-damage|p1a: Slowbro|43\/100\n|-damage|p1a: Slowbro|19\/100\n|-damage|p1a: Slowbro|0 fnt\n|faint|p1a: Slowbro\n|-hitcount|p1: Slowbro|4\n|-unboost|p2a: Haxorus|def|1\n|-boost|p2a: Haxorus|spe|1\n|-damage|p2a: Haxorus|72\/100|[from] item: Life Orb\n|\n|upkeep\n|\n|t:|1663637929\n|switch|p1a: Melmetal|Melmetal|100\/100\n|-damage|p1a: Melmetal|94\/100|[from] Stealth Rock\n|turn|6\n|\n|t:|1663637935\n|move|p1a: Melmetal|Protect|p1a: Melmetal\n|-singleturn|p1a: Melmetal|Protect\n|move|p2a: Haxorus|Close Combat|p1a: Melmetal\n|-activate|p1a: Melmetal|move: Protect\n|\n|-heal|p1a: Melmetal|100\/100|[from] item: Leftovers\n|upkeep\n|turn|7\n|j| intimidateeee\n|l|\u2606chansey and lulu\n|player|p1|\n|j| Dmorgan86\n|c| liangash|lol ragequit?\n|j| foierzoig\n|inactive|Battle timer is ON: inactive players will automatically lose when time's up. (requested by gmax bouffalant)\n|l| intimidateeee\n|c| liangash|that was a really good strat with excadrill\n|c| kayser1234567|cmon{\n|l| foierzoig\n|c| liangash|koing yourself to make defog fail, then free switch on the defogger. never seen that before\n|c| kayser1234567|i have not time\n|inactive|chansey and lulu has 30 seconds to reconnect!\n|inactive|chansey and lulu has 20 seconds to reconnect!\n|c| kayser1234567|1 month and i dead\n|l| liangash\n|inactive|chansey and lulu has 15 seconds to reconnect!\n|j| i am ves \u2665\n|inactive|chansey and lulu has 10 seconds to reconnect!\n|inactive|chansey and lulu has 5 seconds to reconnect!\n|j|\u2606chansey and lulu\n|inactive|chansey and lulu reconnected and has 95 seconds left.\n|player|p1|chansey and lulu|1\n|\n|t:|1663638072\n|move|p2a: Haxorus|Close Combat|p1a: Melmetal\n|-supereffective|p1a: Melmetal\n|-damage|p1a: Melmetal|0 fnt\n|-unboost|p2a: Haxorus|def|1\n|-unboost|p2a: Haxorus|spd|1\n|faint|p1a: Melmetal\n|-damage|p2a: Haxorus|62\/100|[from] item: Life Orb\n|\n|upkeep\n|\n|t:|1663638081\n|switch|p1a: Rillaboom|Rillaboom, M|100\/100\n|-damage|p1a: Rillaboom|88\/100|[from] Stealth Rock\n|-fieldstart|move: Grassy Terrain|[from] ability: Grassy Surge|[of] p1a: Rillaboom\n|turn|8\n|\n|t:|1663638089\n|switch|p2a: Volcarona|Volcarona, M|100\/100\n|move|p1a: Rillaboom|Grassy Glide|p2a: Volcarona\n|-resisted|p2a: Volcarona\n|-damage|p2a: Volcarona|82\/100\n|-status|p1a: Rillaboom|brn|[from] ability: Flame Body|[of] p2a: Volcarona\n|\n|-heal|p2a: Volcarona|88\/100|[from] Grassy Terrain\n|-heal|p1a: Rillaboom|94\/100 brn|[from] Grassy Terrain\n|-heal|p1a: Rillaboom|100\/100 brn|[from] item: Leftovers\n|-damage|p1a: Rillaboom|94\/100 brn|[from] brn\n|upkeep\n|turn|9\n|\n|t:|1663638104\n|switch|p2a: Haxorus|Haxorus, F|62\/100\n|-ability|p2a: Haxorus|Mold Breaker\n|switch|p1a: Garchomp|Garchomp, F|100\/100\n|-damage|p1a: Garchomp|94\/100|[from] Stealth Rock\n|\n|-heal|p2a: Haxorus|68\/100|[from] Grassy Terrain\n|-heal|p1a: Garchomp|100\/100|[from] Grassy Terrain\n|upkeep\n|turn|10\n|\n|t:|1663638117\n|move|p2a: Haxorus|Scale Shot|p1a: Garchomp\n|-supereffective|p1a: Garchomp\n|-damage|p1a: Garchomp|67\/100\n|-supereffective|p1a: Garchomp\n|-damage|p1a: Garchomp|36\/100\n|-hitcount|p1a: Garchomp|2\n|-unboost|p2a: Haxorus|def|1\n|-boost|p2a: Haxorus|spe|1\n|-damage|p2a: Haxorus|59\/100|[from] item: Life Orb\n|move|p1a: Garchomp|Toxic|p2a: Haxorus\n|-status|p2a: Haxorus|tox\n|\n|-heal|p2a: Haxorus|65\/100 tox|[from] Grassy Terrain\n|-heal|p1a: Garchomp|43\/100|[from] Grassy Terrain\n|-heal|p1a: Garchomp|49\/100|[from] item: Leftovers\n|-damage|p2a: Haxorus|59\/100 tox|[from] psn\n|upkeep\n|turn|11\n|\n|t:|1663638138\n|move|p1a: Garchomp|Protect|p1a: Garchomp\n|-singleturn|p1a: Garchomp|Protect\n|move|p2a: Haxorus|Scale Shot|p1a: Garchomp\n|-activate|p1a: Garchomp|move: Protect\n|\n|-heal|p2a: Haxorus|65\/100 tox|[from] Grassy Terrain\n|-heal|p1a: Garchomp|55\/100|[from] Grassy Terrain\n|-heal|p1a: Garchomp|61\/100|[from] item: Leftovers\n|-damage|p2a: Haxorus|52\/100 tox|[from] psn\n|upkeep\n|turn|12\n|\n|t:|1663638154\n|switch|p1a: Rillaboom|Rillaboom, M|94\/100 brn\n|-damage|p1a: Rillaboom|82\/100 brn|[from] Stealth Rock\n|move|p2a: Haxorus|Scale Shot|p1a: Rillaboom\n|-damage|p1a: Rillaboom|65\/100 brn\n|-damage|p1a: Rillaboom|46\/100 brn\n|-damage|p1a: Rillaboom|27\/100 brn\n|-hitcount|p1a: Rillaboom|3\n|-unboost|p2a: Haxorus|def|1\n|-boost|p2a: Haxorus|spe|1\n|-damage|p2a: Haxorus|42\/100 tox|[from] item: Life Orb\n|\n|-heal|p2a: Haxorus|49\/100 tox|[from] Grassy Terrain\n|-heal|p1a: Rillaboom|33\/100 brn|[from] Grassy Terrain\n|-heal|p1a: Rillaboom|39\/100 brn|[from] item: Leftovers\n|-damage|p2a: Haxorus|30\/100 tox|[from] psn\n|-damage|p1a: Rillaboom|33\/100 brn|[from] brn\n|-fieldend|move: Grassy Terrain\n|upkeep\n|turn|13\n|inactive|chansey and lulu has 120 seconds left.\n|\n|t:|1663638179\n|move|p2a: Haxorus|Scale Shot|p1a: Rillaboom\n|-damage|p1a: Rillaboom|16\/100 brn\n|-damage|p1a: Rillaboom|0 fnt\n|faint|p1a: Rillaboom\n|-hitcount|p1: Rillaboom|2\n|-unboost|p2a: Haxorus|def|1\n|-boost|p2a: Haxorus|spe|1\n|-damage|p2a: Haxorus|20\/100 tox|[from] item: Life Orb\n|\n|-damage|p2a: Haxorus|0 fnt|[from] psn\n|faint|p2a: Haxorus\n|upkeep\n|j| test781871\n|\n|t:|1663638194\n|switch|p2a: Moltres|Moltres-Galar|100\/100\n|switch|p1a: Tornadus|Tornadus-Therian, M|90\/100\n|turn|14\n|inactive|chansey and lulu has 90 seconds left.\n|\n|t:|1663638225\n|move|p1a: Tornadus|U-turn|p2a: Moltres\n|-damage|p2a: Moltres|83\/100\n|inactive|chansey and lulu has 90 seconds left.\n|\n|t:|1663638231\n|switch|p1a: Blaziken|Blaziken, M|100\/100|[from]move: U-turn\n|-damage|p1a: Blaziken|88\/100|[from] Stealth Rock\n|move|p2a: Moltres|Agility|p2a: Moltres\n|-boost|p2a: Moltres|spe|2\n|\n|-heal|p1a: Blaziken|94\/100|[from] item: Leftovers\n|upkeep\n|turn|15\n|inactive|chansey and lulu has 90 seconds left.\n|\n|t:|1663638245\n|move|p1a: Blaziken|Protect|p1a: Blaziken\n|-singleturn|p1a: Blaziken|Protect\n|move|p2a: Moltres|Hurricane|p1a: Blaziken\n|-activate|p1a: Blaziken|move: Protect\n|\n|-heal|p1a: Blaziken|100\/100|[from] item: Leftovers\n|-ability|p1a: Blaziken|Speed Boost|boost\n|-boost|p1a: Blaziken|spe|1\n|upkeep\n|turn|16\n|inactive|chansey and lulu has 90 seconds left.\n|\n|t:|1663638256\n|move|p2a: Moltres|Hurricane|p1a: Blaziken\n|-supereffective|p1a: Blaziken\n|-damage|p1a: Blaziken|0 fnt\n|faint|p1a: Blaziken\n|\n|upkeep\n|inactive|chansey and lulu has 90 seconds left.\n|-message|chansey and lulu forfeited.\n|\n|win|gmax bouffalant\n|raw|chansey and lulu's rating: 1706 &rarr; <strong>1688<\/strong><br \/>(-18 for losing)\n|raw|gmax bouffalant's rating: 1747 &rarr; <strong>1765<\/strong><br \/>(+18 for winning)\n|l|\u2606chansey and lulu\n|c|\u2606gmax bouffalant|gg\n|l| Dmorgan86\n||Ladder isn't responding, score probably updated but might not have (Request timeout).\n","uploadtime":1663638268,"views":59,"p1id":"chanseyandlulu","p2id":"gmaxbouffalant","formatid":"gen8ou","rating":1688,"private":0,"password":null}