{"id":"gen8ou-1484102726","p1":"damorush","p2":"Adopted","format":"gen8ou","log":"|j|\u2606damorush\n|j|\u2606Adopted\n|t:|1641148392\n|gametype|singles\n|player|p1|damorush|266|1566\n|player|p2|Adopted|firebreather|1572\n|teamsize|p1|6\n|teamsize|p2|6\n|gen|8\n|tier|[Gen 8] OU\n|rated|\n|rule|Sleep Clause Mod: Limit one foe put to sleep\n|rule|Species Clause: Limit one of each Pok\u00e9mon\n|rule|OHKO Clause: OHKO moves are banned\n|rule|Evasion Moves Clause: Evasion moves are banned\n|rule|Endless Battle Clause: Forcing endless battles is banned\n|rule|HP Percentage Mod: HP is shown in percentages\n|rule|Dynamax Clause: You cannot dynamax\n|clearpoke\n|poke|p1|Dragapult, M|\n|poke|p1|Tapu Lele|\n|poke|p1|Volcarona, F|\n|poke|p1|Blacephalon|\n|poke|p1|Garchomp, M|\n|poke|p1|Shuckle, M|\n|poke|p2|Dragapult, F|\n|poke|p2|Volcarona, M|\n|poke|p2|Kartana|\n|poke|p2|Melmetal|\n|poke|p2|Salamence, M|\n|poke|p2|Klefki, M|\n|teampreview\n|inactive|Battle timer is ON: inactive players will automatically lose when time's up. (requested by Adopted)\n|\n|t:|1641148404\n|start\n|switch|p1a: Garchomp|Garchomp, M|100\/100\n|switch|p2a: Kartana|Kartana|100\/100\n|turn|1\n|\n|t:|1641148412\n|switch|p1a: Shuckle|Shuckle, M|100\/100\n|move|p2a: Kartana|Swords Dance|p2a: Kartana\n|-boost|p2a: Kartana|atk|2\n|\n|upkeep\n|turn|2\n|\n|t:|1641148418\n|move|p2a: Kartana|Leaf Blade|p1a: Shuckle\n|-damage|p1a: Shuckle|25\/100\n|-enditem|p1a: Shuckle|Red Card|[of] p2a: Kartana\n|drag|p2a: Klefki|Klefki, M|100\/100\n|move|p1a: Shuckle|Sticky Web|p2a: Klefki\n|-sidestart|p2: Adopted|move: Sticky Web\n|\n|upkeep\n|turn|3\n|\n|t:|1641148439\n|move|p2a: Klefki|Defog|p1a: Shuckle\n|-unboost|p1a: Shuckle|evasion|1\n|-sideend|p2: Adopted|Sticky Web|[from] move: Defog|[of] p2a: Klefki\n|move|p1a: Shuckle|Stealth Rock|p2a: Klefki\n|-sidestart|p2: Adopted|move: Stealth Rock\n|\n|upkeep\n|turn|4\n|\n|t:|1641148446\n|move|p2a: Klefki|Thunder Wave|p1a: Shuckle\n|-status|p1a: Shuckle|par\n|move|p1a: Shuckle|Sticky Web|p2a: Klefki\n|-sidestart|p2: Adopted|move: Sticky Web\n|\n|upkeep\n|turn|5\n|\n|t:|1641148453\n|move|p2a: Klefki|Defog|p1a: Shuckle\n|-unboost|p1a: Shuckle|evasion|1\n|-sideend|p2: Adopted|Stealth Rock|[from] move: Defog|[of] p2a: Klefki\n|-sideend|p2: Adopted|Sticky Web|[from] move: Defog|[of] p2a: Klefki\n|move|p1a: Shuckle|Encore|p2a: Klefki\n|-start|p2a: Klefki|Encore\n|\n|upkeep\n|turn|6\n|\n|t:|1641148461\n|switch|p2a: Dragapult|Dragapult, F|100\/100\n|move|p1a: Shuckle|Sticky Web|p2a: Dragapult\n|-sidestart|p2: Adopted|move: Sticky Web\n|\n|upkeep\n|turn|7\n|\n|t:|1641148466\n|move|p2a: Dragapult|Dragon Dance|p2a: Dragapult\n|-boost|p2a: Dragapult|atk|1\n|-boost|p2a: Dragapult|spe|1\n|move|p1a: Shuckle|Stealth Rock|p2a: Dragapult\n|-sidestart|p2: Adopted|move: Stealth Rock\n|\n|upkeep\n|turn|8\n|\n|t:|1641148473\n|move|p2a: Dragapult|Dragon Darts|p1a: Shuckle\n|-damage|p1a: Shuckle|0 fnt\n|faint|p1a: Shuckle\n|\n|upkeep\n|\n|t:|1641148481\n|switch|p1a: Tapu Lele|Tapu Lele|100\/100\n|-fieldstart|move: Psychic Terrain|[from] ability: Psychic Surge|[of] p1a: Tapu Lele\n|turn|9\n|\n|t:|1641148488\n|switch|p1a: Volcarona|Volcarona, F|100\/100\n|move|p2a: Dragapult|Phantom Force||[still]\n|-prepare|p2a: Dragapult|Phantom Force\n|\n|upkeep\n|turn|10\n|\n|t:|1641148494\n|move|p2a: Dragapult|Phantom Force|p1a: Volcarona|[from]lockedmove\n|-damage|p1a: Volcarona|0 fnt\n|faint|p1a: Volcarona\n|\n|upkeep\n|\n|t:|1641148499\n|switch|p1a: Dragapult|Dragapult, M|100\/100\n|turn|11\n|\n|t:|1641148504\n|switch|p1a: Tapu Lele|Tapu Lele|100\/100\n|move|p2a: Dragapult|Dragon Darts|p1a: Tapu Lele\n|-immune|p1a: Tapu Lele\n|\n|upkeep\n|turn|12\n|\n|t:|1641148512\n|move|p2a: Dragapult|Phantom Force||[still]\n|-prepare|p2a: Dragapult|Phantom Force\n|move|p1a: Tapu Lele|Moonblast|p2a: Dragapult|[miss]\n|-miss|p1a: Tapu Lele|p2a: Dragapult\n|\n|upkeep\n|turn|13\n|\n|t:|1641148518\n|switch|p1a: Garchomp|Garchomp, M|100\/100\n|move|p2a: Dragapult|Phantom Force|p1a: Garchomp|[from]lockedmove\n|-damage|p1a: Garchomp|33\/100\n|-damage|p2a: Dragapult|88\/100|[from] ability: Rough Skin|[of] p1a: Garchomp\n|\n|-heal|p1a: Garchomp|39\/100|[from] item: Leftovers\n|-fieldend|move: Psychic Terrain\n|upkeep\n|turn|14\n|\n|t:|1641148528\n|switch|p1a: Tapu Lele|Tapu Lele|100\/100\n|-fieldstart|move: Psychic Terrain|[from] ability: Psychic Surge|[of] p1a: Tapu Lele\n|move|p2a: Dragapult|Phantom Force||[still]\n|-prepare|p2a: Dragapult|Phantom Force\n|\n|upkeep\n|turn|15\n|\n|t:|1641148538\n|move|p2a: Dragapult|Phantom Force|p1a: Tapu Lele|[from]lockedmove\n|-supereffective|p1a: Tapu Lele\n|-damage|p1a: Tapu Lele|0 fnt\n|faint|p1a: Tapu Lele\n|\n|upkeep\n|\n|t:|1641148544\n|switch|p1a: Dragapult|Dragapult, M|100\/100\n|turn|16\n|\n|t:|1641148547\n|move|p2a: Dragapult|Dragon Darts|p1a: Dragapult\n|-supereffective|p1a: Dragapult\n|-crit|p1a: Dragapult\n|-damage|p1a: Dragapult|0 fnt\n|faint|p1a: Dragapult\n|\n|upkeep\n|-message|damorush forfeited.\n|\n|win|Adopted\n|raw|damorush's rating: 1566 &rarr; <strong>1546<\/strong><br \/>(-20 for losing)\n|raw|Adopted's rating: 1572 &rarr; <strong>1592<\/strong><br \/>(+20 for winning)\n|l|\u2606damorush\n","uploadtime":1641148556,"views":13,"p1id":"damorush","p2id":"adopted","formatid":"gen8ou","rating":1546,"private":0,"password":null}