{"id":"gen8ou-1467461326","p1":"gewwge","p2":"VirginJimmy99","format":"gen8ou","log":"|html|<div class=\"broadcast-blue\"><strong>[Gen 8] OU is currently suspecting Kyurem! For information on how to participate check out the <a href=\"https:\/\/www.smogon.com\/forums\/threads\/np-ss-ou-suspect-process-round-11-break-the-ice.3694129\/\">suspect thread<\/a>.<\/strong><\/div>\n|j|\u2606gewwge\n|j|\u2606VirginJimmy99\n|inactive|Battle timer is ON: inactive players will automatically lose when time's up.\n|t:|1638761579\n|gametype|singles\n|player|p1|gewwge|nate|\n|player|p2|VirginJimmy99|rocketgrunt|\n|teamsize|p1|6\n|teamsize|p2|6\n|gen|8\n|tier|[Gen 8] OU\n|rated|Tournament battle\n|rule|Sleep Clause Mod: Limit one foe put to sleep\n|rule|Species Clause: Limit one of each Pok\u00e9mon\n|rule|OHKO Clause: OHKO moves are banned\n|rule|Evasion Moves Clause: Evasion moves are banned\n|rule|Endless Battle Clause: Forcing endless battles is banned\n|rule|HP Percentage Mod: HP is shown in percentages\n|rule|Dynamax Clause: You cannot dynamax\n|clearpoke\n|poke|p1|Landorus-Therian, M|\n|poke|p1|Skarmory, M|\n|poke|p1|Heatran, M|\n|poke|p1|Rotom-Wash|\n|poke|p1|Tapu Lele|\n|poke|p1|Dragapult, M|\n|poke|p2|Thievul, M|\n|poke|p2|Tapu Lele|\n|poke|p2|Alakazam, M|\n|poke|p2|Landorus-Therian, M|\n|poke|p2|Ferrothorn, F|\n|poke|p2|Regidrago|\n|teampreview\n|c|\u2606gewwge|all hf\n|j| Bsuuuu\n|j| Serp IV\n|j| NoTollsNoRolls\n|c|\u2606VirginJimmy99|u2\n|j| Stunfisk2140\n|c|\u2606gewwge|lose in the final is my destiny lol\n|c| Stunfisk2140|WIN THIS\n|j| agentkeval01\n|l| agentkeval01\n|c| Stunfisk2140|dang\n|\n|t:|1638761607\n|start\n|switch|p1a: Rotom|Rotom-Wash, shiny|100\/100\n|switch|p2a: Landorus|Landorus-Therian, M|100\/100\n|-ability|p2a: Landorus|Intimidate|boost\n|-unboost|p1a: Rotom|atk|1\n|turn|1\n|c| Stunfisk2140|that dude using thievul\n|\n|t:|1638761616\n|switch|p2a: Ferrothorn|Ferrothorn, F|100\/100\n|move|p1a: Rotom|Trick|p2a: Ferrothorn\n|-activate|p1a: Rotom|move: Trick|[of] p2a: Ferrothorn\n|-item|p2a: Ferrothorn|Choice Scarf|[from] move: Trick\n|-item|p1a: Rotom|Leftovers|[from] move: Trick\n|\n|upkeep\n|turn|2\n|\n|t:|1638761621\n|move|p1a: Rotom|Volt Switch|p2a: Ferrothorn\n|-resisted|p2a: Ferrothorn\n|-damage|p2a: Ferrothorn|91\/100\n|c| Stunfisk2140|ferro destroyed\n|c|\u2606gewwge|people just uses Ferron for my rotom\n|c|\u2606gewwge|no\\\n|c| Stunfisk2140|cant do this now\n|c|\u2606gewwge|leech seed is sick\n|\n|t:|1638761642\n|switch|p1a: Heatran|Heatran, M|100\/100|[from]move: Volt Switch\n|-item|p1a: Heatran|Air Balloon\n|move|p2a: Ferrothorn|Spikes|p1a: Heatran\n|-sidestart|p1: gewwge|Spikes\n|\n|upkeep\n|turn|3\n|c|\u2606gewwge|oh\n|\n|t:|1638761653\n|switch|p2a: Landorus|Landorus-Therian, M|100\/100\n|-ability|p2a: Landorus|Intimidate|boost\n|-unboost|p1a: Heatran|atk|1\n|move|p1a: Heatran|Stealth Rock|p2a: Landorus\n|-sidestart|p2: VirginJimmy99|move: Stealth Rock\n|\n|upkeep\n|turn|4\n|\n|t:|1638761658\n|move|p2a: Landorus|U-turn|p1a: Heatran\n|-resisted|p1a: Heatran\n|-damage|p1a: Heatran|96\/100\n|-enditem|p1a: Heatran|Air Balloon\n|c|\u2606gewwge|well\n|c|\u2606gewwge|crap\n|c|\u2606gewwge|can u send me the Ferron again?\n|c|\u2606gewwge|thx\n|inactive|VirginJimmy99 has 120 seconds left.\n|\n|t:|1638761690\n|switch|p2a: Regidrago|Regidrago|100\/100|[from]move: U-turn\n|-damage|p2a: Regidrago|88\/100|[from] Stealth Rock\n|move|p1a: Heatran|Toxic|p2a: Regidrago\n|-status|p2a: Regidrago|tox\n|\n|-damage|p2a: Regidrago|82\/100 tox|[from] psn\n|upkeep\n|turn|5\n|c|\u2606gewwge|I've never faced regidrago and thieves before\n|inactive|gewwge has 120 seconds left.\n|\n|t:|1638761727\n|switch|p1a: Rotom|Rotom-Wash, shiny|100\/100\n|move|p2a: Regidrago|Dragon Dance|p2a: Regidrago\n|-boost|p2a: Regidrago|atk|1\n|-boost|p2a: Regidrago|spe|1\n|\n|-damage|p2a: Regidrago|70\/100 tox|[from] psn\n|upkeep\n|turn|6\n|c|\u2606gewwge|ok\n|inactive|gewwge has 120 seconds left.\n|\n|t:|1638761734\n|move|p2a: Regidrago|Outrage|p1a: Rotom\n|-damage|p1a: Rotom|0 fnt\n|faint|p1a: Rotom\n|-damage|p2a: Regidrago|60\/100 tox|[from] item: Life Orb\n|\n|-damage|p2a: Regidrago|42\/100 tox|[from] psn\n|upkeep\n|\n|t:|1638761737\n|switch|p1a: Tapu Lele|Tapu Lele|100\/100\n|-damage|p1a: Tapu Lele|88\/100|[from] Spikes\n|-fieldstart|move: Psychic Terrain|[from] ability: Psychic Surge|[of] p1a: Tapu Lele\n|turn|7\n|c| Stunfisk2140|there goes that dangerous dragons maw\n|inactive|gewwge has 120 seconds left.\n|\n|t:|1638761755\n|move|p2a: Regidrago|Outrage|p1a: Tapu Lele|[from]lockedmove\n|-immune|p1a: Tapu Lele\n|move|p1a: Tapu Lele|Moonblast|p2a: Regidrago\n|-supereffective|p2a: Regidrago\n|-damage|p2a: Regidrago|0 fnt\n|faint|p2a: Regidrago\n|\n|upkeep\n|\n|t:|1638761774\n|switch|p2a: Ferrothorn|Ferrothorn, F|91\/100\n|-damage|p2a: Ferrothorn|84\/100|[from] Stealth Rock\n|turn|8\n|inactive|gewwge has 120 seconds left.\n|\n|t:|1638761791\n|switch|p1a: Heatran|Heatran, M|96\/100\n|-damage|p1a: Heatran|84\/100|[from] Spikes\n|move|p2a: Ferrothorn|Leech Seed|p1a: Heatran\n|-start|p1a: Heatran|move: Leech Seed\n|\n|-damage|p1a: Heatran|71\/100|[from] Leech Seed|[of] p2a: Ferrothorn\n|-heal|p2a: Ferrothorn|98\/100|[silent]\n|upkeep\n|turn|9\n|inactive|gewwge has 120 seconds left.\n|j| Cra2k\n|\n|t:|1638761808\n|switch|p2a: Landorus|Landorus-Therian, M|100\/100\n|-damage|p2a: Landorus|88\/100|[from] Stealth Rock\n|-ability|p2a: Landorus|Intimidate|boost\n|-unboost|p1a: Heatran|atk|1\n|move|p1a: Heatran|Toxic|p2a: Landorus\n|-status|p2a: Landorus|tox\n|\n|-heal|p2a: Landorus|94\/100 tox|[from] item: Leftovers\n|-damage|p1a: Heatran|59\/100|[from] Leech Seed|[of] p2a: Landorus\n|-heal|p2a: Landorus|100\/100 tox|[silent]\n|-damage|p2a: Landorus|94\/100 tox|[from] psn\n|upkeep\n|turn|10\n|\n|t:|1638761813\n|switch|p1a: Landorus|Landorus-Therian, M|100\/100\n|-ability|p1a: Landorus|Intimidate|boost\n|-unboost|p2a: Landorus|atk|1\n|move|p2a: Landorus|Stealth Rock|p1a: Landorus\n|-sidestart|p1: gewwge|move: Stealth Rock\n|\n|-heal|p2a: Landorus|100\/100 tox|[from] item: Leftovers\n|-damage|p2a: Landorus|88\/100 tox|[from] psn\n|upkeep\n|turn|11\n|\n|t:|1638761817\n|move|p2a: Landorus|Toxic|p1a: Landorus\n|-status|p1a: Landorus|tox\n|move|p1a: Landorus|Defog|p2a: Landorus\n|-unboost|p2a: Landorus|evasion|1\n|-sideend|p2: VirginJimmy99|Stealth Rock|[from] move: Defog|[of] p1a: Landorus\n|-sideend|p1: gewwge|Spikes|[from] move: Defog|[of] p1a: Landorus\n|-sideend|p1: gewwge|Stealth Rock|[from] move: Defog|[of] p1a: Landorus\n|-fieldend|move: Psychic Terrain\n|\n|-heal|p2a: Landorus|94\/100 tox|[from] item: Leftovers\n|-damage|p2a: Landorus|76\/100 tox|[from] psn\n|-damage|p1a: Landorus|94\/100 tox|[from] psn\n|upkeep\n|turn|12\n|\n|t:|1638761820\n|move|p2a: Landorus|Stealth Rock|p1a: Landorus\n|-sidestart|p1: gewwge|move: Stealth Rock\n|move|p1a: Landorus|U-turn|p2a: Landorus\n|-resisted|p2a: Landorus\n|-damage|p2a: Landorus|66\/100 tox\n|c|\u2606gewwge|oh no\n|c|\u2606gewwge|def or spd lando\n|inactive|gewwge has 120 seconds left.\n|c|\u2606gewwge|favorite guess of the day\n|\n|t:|1638761856\n|switch|p1a: Tapu Lele|Tapu Lele|88\/100|[from]move: U-turn\n|-damage|p1a: Tapu Lele|76\/100|[from] Stealth Rock\n|-fieldstart|move: Psychic Terrain|[from] ability: Psychic Surge|[of] p1a: Tapu Lele\n|\n|-heal|p2a: Landorus|72\/100 tox|[from] item: Leftovers\n|-damage|p2a: Landorus|48\/100 tox|[from] psn\n|upkeep\n|turn|13\n|j| lufan131\n|inactive|gewwge has 120 seconds left.\n|inactive|gewwge has 90 seconds left.\n|\n|t:|1638761896\n|switch|p1a: Landorus|Landorus-Therian, M|94\/100 tox\n|-damage|p1a: Landorus|82\/100 tox|[from] Stealth Rock\n|-ability|p1a: Landorus|Intimidate|boost\n|-unboost|p2a: Landorus|atk|1\n|switch|p2a: Ferrothorn|Ferrothorn, F|98\/100\n|\n|-heal|p1a: Landorus|88\/100 tox|[from] item: Leftovers\n|-damage|p1a: Landorus|82\/100 tox|[from] psn\n|upkeep\n|turn|14\n|\n|t:|1638761902\n|move|p1a: Landorus|Defog|p2a: Ferrothorn\n|-unboost|p2a: Ferrothorn|evasion|1\n|-sideend|p1: gewwge|Stealth Rock|[from] move: Defog|[of] p1a: Landorus\n|-fieldend|move: Psychic Terrain\n|move|p2a: Ferrothorn|Leech Seed|p1a: Landorus\n|-start|p1a: Landorus|move: Leech Seed\n|\n|-heal|p1a: Landorus|88\/100 tox|[from] item: Leftovers\n|-damage|p1a: Landorus|76\/100 tox|[from] Leech Seed|[of] p2a: Ferrothorn\n|-heal|p2a: Ferrothorn|100\/100|[silent]\n|-damage|p1a: Landorus|64\/100 tox|[from] psn\n|upkeep\n|turn|15\n|\n|t:|1638761905\n|move|p1a: Landorus|U-turn|p2a: Ferrothorn\n|-damage|p2a: Ferrothorn|88\/100\n|-damage|p1a: Landorus|52\/100 tox|[from] ability: Iron Barbs|[of] p2a: Ferrothorn\n|\n|t:|1638761909\n|switch|p1a: Heatran|Heatran, M|59\/100|[from]move: U-turn\n|move|p2a: Ferrothorn|Leech Seed|p1a: Heatran|[miss]\n|-miss|p2a: Ferrothorn|p1a: Heatran\n|\n|upkeep\n|turn|16\n|\n|t:|1638761912\n|switch|p2a: Landorus|Landorus-Therian, M|48\/100 tox\n|-ability|p2a: Landorus|Intimidate|boost\n|-unboost|p1a: Heatran|atk|1\n|move|p1a: Heatran|Magma Storm|p2a: Landorus\n|-damage|p2a: Landorus|16\/100 tox\n|-activate|p2a: Landorus|move: Magma Storm|[of] p1a: Heatran\n|\n|-heal|p2a: Landorus|22\/100 tox|[from] item: Leftovers\n|-damage|p2a: Landorus|16\/100 tox|[from] psn\n|-damage|p2a: Landorus|4\/100 tox|[from] move: Magma Storm|[partiallytrapped]\n|upkeep\n|turn|17\n|\n|t:|1638761925\n|switch|p1a: Skarmory|Skarmory, M|100\/100\n|move|p2a: Landorus|Stealth Rock|p1a: Skarmory\n|-sidestart|p1: gewwge|move: Stealth Rock\n|\n|-heal|p2a: Landorus|10\/100 tox|[from] item: Leftovers\n|-damage|p2a: Landorus|0 fnt|[from] psn\n|faint|p2a: Landorus\n|upkeep\n|c|\u2606gewwge|oof\n|\n|t:|1638761935\n|switch|p2a: Alakazam|Alakazam, M|100\/100\n|turn|18\n|c|\u2606gewwge|another 0 IQ moment\n|\n|t:|1638761941\n|move|p2a: Alakazam|Shadow Ball|p1a: Skarmory\n|-damage|p1a: Skarmory|50\/100\n|move|p1a: Skarmory|Brave Bird|p2a: Alakazam\n|-damage|p2a: Alakazam|21\/100\n|-damage|p1a: Skarmory|30\/100|[from] Recoil\n|\n|upkeep\n|turn|19\n|\n|t:|1638761947\n|move|p2a: Alakazam|Shadow Ball|p1a: Skarmory\n|-damage|p1a: Skarmory|0 fnt\n|faint|p1a: Skarmory\n|\n|upkeep\n|c|\u2606gewwge|the worst thing is facing unknown set\n|c|\u2606gewwge|I'm like scared\n|c| Stunfisk2140|zam ate that shit\n|j| yankeeewithnobrim\n|\n|t:|1638761973\n|switch|p1a: Dragapult|Dragapult, M|100\/100\n|-damage|p1a: Dragapult|88\/100|[from] Stealth Rock\n|turn|20\n|c|\u2606gewwge|no scarf\n|c| Stunfisk2140|gewwge u were destined to win\n|c|\u2606gewwge|plz no\n|c|\u2606gewwge|be lo\n|\n|t:|1638761988\n|switch|p1a: Landorus|Landorus-Therian, M|52\/100 tox\n|-damage|p1a: Landorus|39\/100 tox|[from] Stealth Rock\n|-ability|p1a: Landorus|Intimidate|boost\n|-unboost|p2a: Alakazam|atk|1\n|switch|p2a: Ferrothorn|Ferrothorn, F|88\/100\n|\n|-heal|p1a: Landorus|45\/100 tox|[from] item: Leftovers\n|-damage|p1a: Landorus|39\/100 tox|[from] psn\n|upkeep\n|turn|21\n|\n|t:|1638761993\n|move|p1a: Landorus|Defog|p2a: Ferrothorn\n|-unboost|p2a: Ferrothorn|evasion|1\n|-sideend|p1: gewwge|Stealth Rock|[from] move: Defog|[of] p1a: Landorus\n|move|p2a: Ferrothorn|Spikes|p1a: Landorus\n|-sidestart|p1: gewwge|Spikes\n|\n|-heal|p1a: Landorus|45\/100 tox|[from] item: Leftovers\n|-damage|p1a: Landorus|33\/100 tox|[from] psn\n|upkeep\n|turn|22\n|j| NinjaNate150\n|\n|t:|1638762006\n|move|p1a: Landorus|Earthquake|p2a: Ferrothorn\n|-damage|p2a: Ferrothorn|60\/100\n|move|p2a: Ferrothorn|Spikes|p1a: Landorus\n|-sidestart|p1: gewwge|Spikes\n|\n|-heal|p1a: Landorus|39\/100 tox|[from] item: Leftovers\n|-damage|p1a: Landorus|21\/100 tox|[from] psn\n|upkeep\n|turn|23\n|\n|t:|1638762009\n|move|p1a: Landorus|Defog|p2a: Ferrothorn\n|-unboost|p2a: Ferrothorn|evasion|1\n|-sideend|p1: gewwge|Spikes|[from] move: Defog|[of] p1a: Landorus\n|move|p2a: Ferrothorn|Spikes|p1a: Landorus\n|-sidestart|p1: gewwge|Spikes\n|\n|-heal|p1a: Landorus|27\/100 tox|[from] item: Leftovers\n|-damage|p1a: Landorus|3\/100 tox|[from] psn\n|upkeep\n|turn|24\n|\n|t:|1638762011\n|switch|p1a: Heatran|Heatran, M|59\/100\n|-damage|p1a: Heatran|47\/100|[from] Spikes\n|move|p2a: Ferrothorn|Spikes|p1a: Heatran\n|-sidestart|p1: gewwge|Spikes\n|\n|upkeep\n|turn|25\n|\n|t:|1638762022\n|move|p1a: Heatran|Magma Storm|p2a: Ferrothorn\n|-supereffective|p2a: Ferrothorn\n|-damage|p2a: Ferrothorn|0 fnt\n|faint|p2a: Ferrothorn\n|\n|upkeep\n|\n|t:|1638762027\n|switch|p2a: Alakazam|Alakazam, M|21\/100\n|turn|26\n|l| Stunfisk2140\n|c|\u2606gewwge|crap\n|c|\u2606gewwge|I think\n|c|\u2606gewwge|scarf lele\n|c|\u2606gewwge|which beats the rest of my team\n|\n|t:|1638762045\n|move|p2a: Alakazam|Focus Blast|p1a: Heatran\n|-supereffective|p1a: Heatran\n|-damage|p1a: Heatran|0 fnt\n|faint|p1a: Heatran\n|\n|upkeep\n|\n|t:|1638762049\n|switch|p1a: Dragapult|Dragapult, M|88\/100\n|-damage|p1a: Dragapult|72\/100|[from] Spikes\n|turn|27\n|\n|t:|1638762054\n|move|p1a: Dragapult|U-turn|p2a: Alakazam\n|-supereffective|p2a: Alakazam\n|-damage|p2a: Alakazam|0 fnt\n|faint|p2a: Alakazam\n|\n|t:|1638762057\n|switch|p1a: Landorus|Landorus-Therian, M|3\/100 tox|[from]move: U-turn\n|\n|-heal|p1a: Landorus|9\/100 tox|[from] item: Leftovers\n|-damage|p1a: Landorus|3\/100 tox|[from] psn\n|upkeep\n|\n|t:|1638762065\n|switch|p2a: Tapu Lele|Tapu Lele|100\/100\n|-fieldstart|move: Psychic Terrain|[from] ability: Psychic Surge|[of] p2a: Tapu Lele\n|turn|28\n|j| Mikirae\n|\n|t:|1638762068\n|move|p2a: Tapu Lele|Moonblast|p1a: Landorus\n|-damage|p1a: Landorus|0 fnt\n|faint|p1a: Landorus\n|\n|upkeep\n|\n|t:|1638762070\n|switch|p1a: Tapu Lele|Tapu Lele|76\/100\n|-damage|p1a: Tapu Lele|59\/100|[from] Spikes\n|turn|29\n|\n|t:|1638762073\n|move|p2a: Tapu Lele|Moonblast|p1a: Tapu Lele\n|-damage|p1a: Tapu Lele|26\/100\n|-unboost|p1a: Tapu Lele|spa|1\n|move|p1a: Tapu Lele|Moonblast|p2a: Tapu Lele\n|-damage|p2a: Tapu Lele|63\/100\n|\n|upkeep\n|turn|30\n|j| smurf account 6969\n|c|\u2606gewwge|XD\n|\n|t:|1638762079\n|move|p2a: Tapu Lele|Moonblast|p1a: Tapu Lele\n|-damage|p1a: Tapu Lele|0 fnt\n|faint|p1a: Tapu Lele\n|\n|upkeep\n|\n|t:|1638762080\n|switch|p1a: Dragapult|Dragapult, M|72\/100\n|-damage|p1a: Dragapult|55\/100|[from] Spikes\n|turn|31\n|\n|t:|1638762082\n|move|p2a: Tapu Lele|Moonblast|p1a: Dragapult\n|-supereffective|p1a: Dragapult\n|-damage|p1a: Dragapult|0 fnt\n|faint|p1a: Dragapult\n|\n|win|VirginJimmy99\n|n|\u2606gewwge|gewwge\n|n|\u2606VirginJimmy99|virginjimmy99\n|n| Bsuuuu|bsuuuu\n|n| Serp IV|serpiv\n|n| NoTollsNoRolls|notollsnorolls\n|n| Cra2k|cra2k\n|n| lufan131|lufan131\n|n| yankeeewithnobrim|yankeeewithnobrim\n|n| NinjaNate150|ninjanate150\n|n| Mikirae|mikirae\n|n| smurf account 6969|smurfaccount6969\n|c|\u2606gewwge|gg\n|c|\u2606VirginJimmy99|gg\n|l| yankeeewithnobrim\n|c| Bsuuuu|why ddi those moonblasts do so little\n|l| Serp IV\n|c|\u2606gewwge|?\n|c|\u2606gewwge|what u mean\n|l| smurf account 6969\n|c|\u2606gewwge|my spa got lowered by his blast\n|l| Mikirae\n|l| Bsuuuu\n|l| NoTollsNoRolls\n","uploadtime":1638762083,"views":24,"p1id":"gewwge","p2id":"virginjimmy99","formatid":"gen8ou","rating":0,"private":0,"password":null}