{"id":"gen8ou-1641170159","p1":"VivaHonduras","p2":"LT_Alt1","format":"gen8ou","log":"|j|\u2606VivaHonduras\n|j|\u2606LT_Alt1\n|t:|1660677412\n|gametype|singles\n|player|p1|VivaHonduras|scientist-gen4|1651\n|player|p2|LT_Alt1|102|1670\n|teamsize|p1|6\n|teamsize|p2|6\n|gen|8\n|tier|[Gen 8] OU\n|rated|\n|rule|Sleep Clause Mod: Limit one foe put to sleep\n|rule|Species Clause: Limit one of each Pok\u00e9mon\n|rule|OHKO Clause: OHKO moves are banned\n|rule|Evasion Items Clause: Evasion items are banned\n|rule|Evasion Moves Clause: Evasion moves are banned\n|rule|Endless Battle Clause: Forcing endless battles is banned\n|rule|HP Percentage Mod: HP is shown in percentages\n|rule|Dynamax Clause: You cannot dynamax\n|clearpoke\n|poke|p1|Zapdos|\n|poke|p1|Sirfetch\u2019d, M|\n|poke|p1|Dragonite, M|\n|poke|p1|Heatran, F|\n|poke|p1|Tapu Lele|\n|poke|p1|Gastrodon, M|\n|poke|p2|Alakazam, M|\n|poke|p2|Chansey, F|\n|poke|p2|Zapdos|\n|poke|p2|Clefable, M|\n|poke|p2|Slowbro, M|\n|poke|p2|Rhydon, F|\n|teampreview\n|inactive|Battle timer is ON: inactive players will automatically lose when time's up. (requested by VivaHonduras)\n|\n|t:|1660677433\n|start\n|switch|p1a: Gastrodon|Gastrodon, M|100\/100\n|switch|p2a: Slowbro|Slowbro, M|100\/100\n|turn|1\n|\n|t:|1660677438\n|switch|p2a: Clefable|Clefable, M|100\/100\n|move|p1a: Gastrodon|Toxic|p2a: Clefable\n|-status|p2a: Clefable|tox\n|\n|upkeep\n|turn|2\n|\n|t:|1660677447\n|move|p2a: Clefable|Thunder|p1a: Gastrodon\n|-immune|p1a: Gastrodon\n|move|p1a: Gastrodon|Scald|p2a: Clefable\n|-damage|p2a: Clefable|79\/100 tox\n|\n|upkeep\n|turn|3\n|\n|t:|1660677456\n|switch|p1a: Zapdos|Zapdos|100\/100\n|move|p2a: Clefable|Calm Mind|p2a: Clefable\n|-boost|p2a: Clefable|spa|1\n|-boost|p2a: Clefable|spd|1\n|\n|upkeep\n|turn|4\n|\n|t:|1660677465\n|move|p1a: Zapdos|Hurricane|p2a: Clefable\n|-damage|p2a: Clefable|52\/100 tox\n|move|p2a: Clefable|Thunder|p1a: Zapdos\n|-damage|p1a: Zapdos|56\/100\n|\n|upkeep\n|turn|5\n|\n|t:|1660677471\n|move|p1a: Zapdos|Hurricane|p2a: Clefable|[miss]\n|-miss|p1a: Zapdos|p2a: Clefable\n|move|p2a: Clefable|Soft-Boiled|p2a: Clefable\n|-heal|p2a: Clefable|100\/100 tox\n|\n|upkeep\n|turn|6\n|\n|t:|1660677477\n|move|p1a: Zapdos|Hurricane|p2a: Clefable\n|-damage|p2a: Clefable|75\/100 tox\n|move|p2a: Clefable|Moonblast|p1a: Zapdos\n|-damage|p1a: Zapdos|0 fnt\n|faint|p1a: Zapdos\n|\n|upkeep\n|j| RevengerRiolu\n|\n|t:|1660677480\n|switch|p1a: Sirfetch\u2019d|Sirfetch\u2019d, M|100\/100\n|turn|7\n|j| aidanop\n|\n|t:|1660677499\n|switch|p2a: Zapdos|Zapdos|100\/100\n|move|p1a: Sirfetch\u2019d|Brave Bird|p2a: Zapdos\n|-resisted|p2a: Zapdos\n|-damage|p2a: Zapdos|68\/100\n|-damage|p1a: Sirfetch\u2019d|85\/100|[from] Recoil\n|\n|upkeep\n|turn|8\n|\n|t:|1660677508\n|switch|p1a: Gastrodon|Gastrodon, M|100\/100\n|move|p2a: Zapdos|Hurricane|p1a: Gastrodon\n|-damage|p1a: Gastrodon|72\/100\n|\n|-heal|p1a: Gastrodon|78\/100|[from] item: Leftovers\n|upkeep\n|turn|9\n|\n|t:|1660677517\n|move|p2a: Zapdos|Volt Switch|p1a: Gastrodon\n|-immune|p1a: Gastrodon\n|move|p1a: Gastrodon|Scald|p2a: Zapdos\n|-damage|p2a: Zapdos|44\/100\n|\n|-heal|p1a: Gastrodon|84\/100|[from] item: Leftovers\n|upkeep\n|turn|10\n|\n|t:|1660677525\n|switch|p2a: Clefable|Clefable, M|75\/100 tox\n|switch|p1a: Sirfetch\u2019d|Sirfetch\u2019d, M|85\/100\n|\n|upkeep\n|turn|11\n|\n|t:|1660677536\n|switch|p2a: Slowbro|Slowbro, M|100\/100\n|move|p1a: Sirfetch\u2019d|Knock Off|p2a: Slowbro\n|-supereffective|p2a: Slowbro\n|-damage|p2a: Slowbro|31\/100\n|-damage|p1a: Sirfetch\u2019d|69\/100|[from] item: Rocky Helmet|[of] p2a: Slowbro\n|-enditem|p2a: Slowbro|Rocky Helmet|[from] move: Knock Off|[of] p1a: Sirfetch\u2019d\n|\n|upkeep\n|turn|12\n|\n|t:|1660677545\n|switch|p2a: Clefable|Clefable, M|75\/100 tox\n|move|p1a: Sirfetch\u2019d|Knock Off|p2a: Clefable\n|-resisted|p2a: Clefable\n|-damage|p2a: Clefable|48\/100 tox\n|-enditem|p2a: Clefable|Life Orb|[from] move: Knock Off|[of] p1a: Sirfetch\u2019d\n|\n|upkeep\n|turn|13\n|\n|t:|1660677552\n|switch|p1a: Tapu Lele|Tapu Lele|100\/100\n|-fieldstart|move: Psychic Terrain|[from] ability: Psychic Surge|[of] p1a: Tapu Lele\n|move|p2a: Clefable|Soft-Boiled|p2a: Clefable\n|-heal|p2a: Clefable|98\/100 tox\n|\n|upkeep\n|turn|14\n|\n|t:|1660677561\n|move|p1a: Tapu Lele|Psyshock|p2a: Clefable\n|-damage|p2a: Clefable|51\/100 tox\n|move|p2a: Clefable|Soft-Boiled|p2a: Clefable\n|-heal|p2a: Clefable|100\/100 tox\n|\n|upkeep\n|turn|15\n|\n|t:|1660677567\n|switch|p2a: Slowbro|Slowbro, M|64\/100\n|move|p1a: Tapu Lele|Psyshock|p2a: Slowbro\n|-resisted|p2a: Slowbro\n|-damage|p2a: Slowbro|48\/100\n|\n|upkeep\n|turn|16\n|\n|t:|1660677575\n|switch|p1a: Heatran|Heatran, F|100\/100\n|-item|p1a: Heatran|Air Balloon\n|move|p2a: Slowbro|Teleport|p2a: Slowbro\n|\n|t:|1660677585\n|switch|p2a: Chansey|Chansey, F|100\/100|[from]move: Teleport\n|\n|upkeep\n|turn|17\n|\n|t:|1660677589\n|move|p1a: Heatran|Body Press|p2a: Chansey\n|-supereffective|p2a: Chansey\n|-damage|p2a: Chansey|66\/100\n|move|p2a: Chansey|Seismic Toss|p1a: Heatran\n|-damage|p1a: Heatran|75\/100\n|-enditem|p1a: Heatran|Air Balloon\n|\n|-fieldend|move: Psychic Terrain\n|upkeep\n|turn|18\n|c| RevengerRiolu|hmmm\n|\n|t:|1660677598\n|move|p1a: Heatran|Stealth Rock|p2a: Chansey\n|-sidestart|p2: LT_Alt1|move: Stealth Rock\n|move|p2a: Chansey|Reflect|p2a: Chansey\n|-sidestart|p2: LT_Alt1|Reflect\n|\n|upkeep\n|turn|19\n|\n|t:|1660677604\n|switch|p1a: Gastrodon|Gastrodon, M|84\/100\n|move|p2a: Chansey|Seismic Toss|p1a: Gastrodon\n|-damage|p1a: Gastrodon|60\/100\n|\n|-heal|p1a: Gastrodon|66\/100|[from] item: Leftovers\n|upkeep\n|turn|20\n|\n|t:|1660677612\n|move|p2a: Chansey|Soft-Boiled|p2a: Chansey\n|-heal|p2a: Chansey|100\/100\n|move|p1a: Gastrodon|Toxic|p2a: Chansey\n|-status|p2a: Chansey|tox\n|\n|-heal|p1a: Gastrodon|73\/100|[from] item: Leftovers\n|-damage|p2a: Chansey|94\/100 tox|[from] psn\n|upkeep\n|turn|21\n|\n|t:|1660677621\n|move|p1a: Gastrodon|Recover|p1a: Gastrodon\n|-heal|p1a: Gastrodon|100\/100\n|move|p2a: Chansey|Teleport|p2a: Chansey\n|l| aidanop\n|\n|t:|1660677629\n|-curestatus|p2a: Chansey|tox|[from] ability: Natural Cure\n|switch|p2a: Alakazam|Alakazam, M|100\/100|[from]move: Teleport\n|\n|upkeep\n|turn|22\n|\n|t:|1660677635\n|move|p2a: Alakazam|Encore|p1a: Gastrodon\n|-start|p1a: Gastrodon|Encore\n|move|p1a: Gastrodon|Recover||[still]\n|-fail|p1a: Gastrodon|heal\n|\n|-sideend|p2: LT_Alt1|Reflect\n|upkeep\n|turn|23\n|\n|t:|1660677642\n|switch|p1a: Tapu Lele|Tapu Lele|100\/100\n|-fieldstart|move: Psychic Terrain|[from] ability: Psychic Surge|[of] p1a: Tapu Lele\n|move|p2a: Alakazam|Psychic|p1a: Tapu Lele\n|-resisted|p1a: Tapu Lele\n|-damage|p1a: Tapu Lele|56\/100\n|\n|upkeep\n|turn|24\n|\n|t:|1660677648\n|move|p1a: Tapu Lele|Moonblast|p2a: Alakazam\n|-damage|p2a: Alakazam|28\/100\n|move|p2a: Alakazam|Shadow Ball|p1a: Tapu Lele\n|-supereffective|p1a: Tapu Lele\n|-damage|p1a: Tapu Lele|0 fnt\n|faint|p1a: Tapu Lele\n|\n|upkeep\n|\n|t:|1660677659\n|switch|p1a: Dragonite|Dragonite, M|100\/100\n|turn|25\n|\n|t:|1660677664\n|switch|p2a: Slowbro|Slowbro, M|81\/100\n|-damage|p2a: Slowbro|69\/100|[from] Stealth Rock\n|move|p1a: Dragonite|Dragon Dance|p1a: Dragonite\n|-boost|p1a: Dragonite|atk|1\n|-boost|p1a: Dragonite|spe|1\n|\n|upkeep\n|turn|26\n|\n|t:|1660677670\n|move|p1a: Dragonite|Dragon Dance|p1a: Dragonite\n|-boost|p1a: Dragonite|atk|1\n|-boost|p1a: Dragonite|spe|1\n|move|p2a: Slowbro|Ice Beam|p1a: Dragonite\n|-supereffective|p1a: Dragonite\n|-damage|p1a: Dragonite|66\/100\n|\n|upkeep\n|turn|27\n|\n|t:|1660677685\n|move|p1a: Dragonite|Earthquake|p2a: Slowbro\n|-damage|p2a: Slowbro|28\/100\n|move|p2a: Slowbro|Ice Beam|p1a: Dragonite\n|-supereffective|p1a: Dragonite\n|-damage|p1a: Dragonite|0 fnt\n|faint|p1a: Dragonite\n|\n|-fieldend|move: Psychic Terrain\n|upkeep\n|\n|t:|1660677688\n|switch|p1a: Sirfetch\u2019d|Sirfetch\u2019d, M|69\/100\n|turn|28\n|\n|t:|1660677695\n|switch|p2a: Zapdos|Zapdos|44\/100\n|move|p1a: Sirfetch\u2019d|Brave Bird|p2a: Zapdos\n|-resisted|p2a: Zapdos\n|-damage|p2a: Zapdos|14\/100\n|-damage|p1a: Sirfetch\u2019d|55\/100|[from] Recoil\n|\n|upkeep\n|turn|29\n|\n|t:|1660677702\n|move|p2a: Zapdos|Roost|p2a: Zapdos\n|-heal|p2a: Zapdos|65\/100\n|-singleturn|p2a: Zapdos|move: Roost\n|move|p1a: Sirfetch\u2019d|Brave Bird|p2a: Zapdos\n|-resisted|p2a: Zapdos\n|-damage|p2a: Zapdos|32\/100\n|-damage|p1a: Sirfetch\u2019d|40\/100|[from] Recoil\n|\n|upkeep\n|turn|30\n|c|\u2606VivaHonduras|Gg\n|\n|t:|1660677711\n|switch|p1a: Gastrodon|Gastrodon, M|100\/100\n|move|p2a: Zapdos|Roost|p2a: Zapdos\n|-heal|p2a: Zapdos|83\/100\n|-singleturn|p2a: Zapdos|move: Roost\n|\n|upkeep\n|turn|31\n|-message|VivaHonduras forfeited.\n|\n|win|LT_Alt1\n|raw|VivaHonduras's rating: 1651 &rarr; <strong>1632<\/strong><br \/>(-19 for losing)\n|raw|LT_Alt1's rating: 1670 &rarr; <strong>1689<\/strong><br \/>(+19 for winning)\n|l|\u2606VivaHonduras\n|c|\u2606LT_Alt1|gg\n||Ladder isn't responding, score probably updated but might not have (Request timeout).\n","uploadtime":1660677725,"views":33,"p1id":"vivahonduras","p2id":"ltalt1","formatid":"gen8ou","rating":1632,"private":0,"password":null}