{"id":"gen8ou-1630209948","p1":"LT91BB Zena'","p2":"cump2","format":"gen8ou","log":"|j|\u2606LT91BB Zena'\n|j|\u2606cump2\n|t:|1659394201\n|gametype|singles\n|player|p1|LT91BB Zena'|cyrus-masters|1612\n|player|p2|cump2|doctor|1622\n|teamsize|p1|6\n|teamsize|p2|6\n|gen|8\n|tier|[Gen 8] OU\n|rated|\n|rule|Sleep Clause Mod: Limit one foe put to sleep\n|rule|Species Clause: Limit one of each Pok\u00e9mon\n|rule|OHKO Clause: OHKO moves are banned\n|rule|Evasion Moves Clause: Evasion moves are banned\n|rule|Endless Battle Clause: Forcing endless battles is banned\n|rule|HP Percentage Mod: HP is shown in percentages\n|rule|Dynamax Clause: You cannot dynamax\n|clearpoke\n|poke|p1|Vanilluxe, M|\n|poke|p1|Magnezone|\n|poke|p1|Tapu Lele|\n|poke|p1|Dragonite, M|\n|poke|p1|Heatran, M|\n|poke|p1|Landorus-Therian, M|\n|poke|p2|Mew|\n|poke|p2|Bisharp, M|\n|poke|p2|Toxtricity, F|\n|poke|p2|Blaziken, M|\n|poke|p2|Garchomp, F|\n|poke|p2|Dragapult, F|\n|teampreview\n|j| Boulicrok\n|j| Mizuse\n|j| LT91BB Poeh\n|c|\u2606cump2|hf\n|j| Louna\n|\n|t:|1659394218\n|start\n|switch|p1a: Vanilluxe|Vanilluxe, M, shiny|100\/100\n|switch|p2a: Mew|Mew, shiny|100\/100\n|-weather|Hail|[from] ability: Snow Warning|[of] p1a: Vanilluxe\n|turn|1\n|\n|t:|1659394221\n|move|p1a: Vanilluxe|Blizzard|p2a: Mew\n|-damage|p2a: Mew|57\/100\n|move|p2a: Mew|Stealth Rock|p1a: Vanilluxe\n|-sidestart|p1: LT91BB Zena'|move: Stealth Rock\n|\n|-weather|Hail|[upkeep]\n|-damage|p2a: Mew|50\/100|[from] Hail\n|upkeep\n|turn|2\n|\n|t:|1659394228\n|move|p1a: Vanilluxe|Blizzard|p2a: Mew\n|-damage|p2a: Mew|5\/100\n|move|p2a: Mew|Thunder Wave|p1a: Vanilluxe|[miss]\n|-miss|p2a: Mew|p1a: Vanilluxe\n|\n|-weather|Hail|[upkeep]\n|-damage|p2a: Mew|0 fnt|[from] Hail\n|faint|p2a: Mew\n|upkeep\n|\n|t:|1659394235\n|switch|p2a: Bisharp|Bisharp, M, shiny|100\/100\n|turn|3\n|\n|t:|1659394244\n|switch|p1a: Heatran|Heatran, M, shiny|100\/100\n|-damage|p1a: Heatran|88\/100|[from] Stealth Rock\n|-item|p1a: Heatran|Air Balloon\n|move|p2a: Bisharp|Swords Dance|p2a: Bisharp\n|-boost|p2a: Bisharp|atk|2\n|\n|-weather|Hail|[upkeep]\n|-damage|p1a: Heatran|82\/100|[from] Hail\n|-damage|p2a: Bisharp|95\/100|[from] Hail\n|upkeep\n|turn|4\n|\n|t:|1659394251\n|move|p2a: Bisharp|Sucker Punch|p1a: Heatran\n|-damage|p1a: Heatran|12\/100\n|-enditem|p1a: Heatran|Air Balloon\n|move|p1a: Heatran|Magma Storm|p2a: Bisharp|[miss]\n|-miss|p1a: Heatran|p2a: Bisharp\n|\n|-weather|Hail|[upkeep]\n|-damage|p1a: Heatran|6\/100|[from] Hail\n|-damage|p2a: Bisharp|89\/100|[from] Hail\n|upkeep\n|turn|5\n|\n|t:|1659394258\n|move|p1a: Heatran|Stealth Rock|p2a: Bisharp\n|-sidestart|p2: cump2|move: Stealth Rock\n|move|p2a: Bisharp|Knock Off|p1a: Heatran\n|-damage|p1a: Heatran|0 fnt\n|-status|p2a: Bisharp|brn|[from] ability: Flame Body|[of] p1a: Heatran\n|faint|p1a: Heatran\n|\n|-weather|none\n|-damage|p2a: Bisharp|83\/100 brn|[from] brn\n|upkeep\n|\n|t:|1659394264\n|switch|p1a: Magnezone|Magnezone|100\/100\n|-damage|p1a: Magnezone|94\/100|[from] Stealth Rock\n|-item|p1a: Magnezone|Air Balloon\n|turn|6\n|\n|t:|1659394270\n|move|p2a: Bisharp|Sucker Punch||[still]\n|-fail|p2a: Bisharp\n|move|p1a: Magnezone|Iron Defense|p1a: Magnezone\n|-boost|p1a: Magnezone|def|2\n|\n|-damage|p2a: Bisharp|77\/100 brn|[from] brn\n|upkeep\n|turn|7\n|\n|t:|1659394273\n|move|p2a: Bisharp|Knock Off|p1a: Magnezone\n|-damage|p1a: Magnezone|65\/100\n|-enditem|p1a: Magnezone|Air Balloon\n|move|p1a: Magnezone|Iron Defense|p1a: Magnezone\n|-boost|p1a: Magnezone|def|2\n|\n|-damage|p2a: Bisharp|71\/100 brn|[from] brn\n|upkeep\n|turn|8\n|\n|t:|1659394278\n|move|p2a: Bisharp|Knock Off|p1a: Magnezone\n|-damage|p1a: Magnezone|53\/100\n|move|p1a: Magnezone|Body Press|p2a: Bisharp\n|-supereffective|p2a: Bisharp\n|-damage|p2a: Bisharp|0 fnt\n|faint|p2a: Bisharp\n|\n|upkeep\n|\n|t:|1659394281\n|switch|p2a: Dragapult|Dragapult, F|100\/100\n|-damage|p2a: Dragapult|88\/100|[from] Stealth Rock\n|turn|9\n|\n|t:|1659394284\n|move|p2a: Dragapult|Fire Blast|p1a: Magnezone\n|-supereffective|p1a: Magnezone\n|-crit|p1a: Magnezone\n|-damage|p1a: Magnezone|0 fnt\n|faint|p1a: Magnezone\n|\n|upkeep\n|\n|t:|1659394287\n|switch|p1a: Dragonite|Dragonite, M, shiny|100\/100\n|turn|10\n|\n|t:|1659394289\n|move|p2a: Dragapult|Dragon Darts|p1a: Dragonite\n|-supereffective|p1a: Dragonite\n|-damage|p1a: Dragonite|63\/100\n|-anim|p2a: Dragapult|Dragon Darts|p1a: Dragonite\n|-supereffective|p1a: Dragonite\n|-damage|p1a: Dragonite|0 fnt\n|faint|p1a: Dragonite\n|\n|upkeep\n|\n|t:|1659394292\n|switch|p1a: Tapu Lele|Tapu Lele, shiny|100\/100\n|-damage|p1a: Tapu Lele|88\/100|[from] Stealth Rock\n|-fieldstart|move: Psychic Terrain|[from] ability: Psychic Surge|[of] p1a: Tapu Lele\n|turn|11\n|\n|t:|1659394306\n|switch|p2a: Toxtricity|Toxtricity, F|100\/100\n|-damage|p2a: Toxtricity|88\/100|[from] Stealth Rock\n|move|p1a: Tapu Lele|Calm Mind|p1a: Tapu Lele\n|-boost|p1a: Tapu Lele|spa|1\n|-boost|p1a: Tapu Lele|spd|1\n|\n|-heal|p1a: Tapu Lele|94\/100|[from] item: Leftovers\n|upkeep\n|turn|12\n|\n|t:|1659394310\n|switch|p1a: Landorus|Landorus-Therian, M|100\/100\n|-damage|p1a: Landorus|88\/100|[from] Stealth Rock\n|-ability|p1a: Landorus|Intimidate|boost\n|-unboost|p2a: Toxtricity|atk|1\n|move|p2a: Toxtricity|Shift Gear|p2a: Toxtricity\n|-boost|p2a: Toxtricity|spe|2\n|-boost|p2a: Toxtricity|atk|1\n|\n|upkeep\n|turn|13\n|\n|t:|1659394318\n|switch|p1a: Vanilluxe|Vanilluxe, M, shiny|100\/100\n|-damage|p1a: Vanilluxe|76\/100|[from] Stealth Rock\n|-weather|Hail|[from] ability: Snow Warning|[of] p1a: Vanilluxe\n|move|p2a: Toxtricity|Boomburst|p1a: Vanilluxe\n|-damage|p1a: Vanilluxe|0 fnt\n|faint|p1a: Vanilluxe\n|-enditem|p2a: Toxtricity|Throat Spray\n|-boost|p2a: Toxtricity|spa|1|[from] item: Throat Spray\n|\n|-weather|Hail|[upkeep]\n|-damage|p2a: Toxtricity|82\/100|[from] Hail\n|upkeep\n|\n|t:|1659394322\n|switch|p1a: Tapu Lele|Tapu Lele, shiny|94\/100\n|-damage|p1a: Tapu Lele|82\/100|[from] Stealth Rock\n|turn|14\n|\n|t:|1659394326\n|move|p2a: Toxtricity|Boomburst|p1a: Tapu Lele\n|-damage|p1a: Tapu Lele|6\/100\n|move|p1a: Tapu Lele|Psyshock|p2a: Toxtricity\n|-supereffective|p2a: Toxtricity\n|-damage|p2a: Toxtricity|0 fnt\n|faint|p2a: Toxtricity\n|\n|-weather|Hail|[upkeep]\n|-damage|p1a: Tapu Lele|0 fnt|[from] Hail\n|faint|p1a: Tapu Lele\n|upkeep\n|\n|t:|1659394330\n|switch|p2a: Dragapult|Dragapult, F|88\/100\n|switch|p1a: Landorus|Landorus-Therian, M|88\/100\n|-damage|p2a: Dragapult|76\/100|[from] Stealth Rock\n|-damage|p1a: Landorus|76\/100|[from] Stealth Rock\n|-ability|p1a: Landorus|Intimidate|boost\n|-fail|p2a: Dragapult|unboost|[from] ability: Clear Body|[of] p2a: Dragapult\n|turn|15\n|\n|t:|1659394335\n|move|p2a: Dragapult|Dragon Darts|p1a: Landorus\n|-damage|p1a: Landorus|44\/100\n|-anim|p2a: Dragapult|Dragon Darts|p1a: Landorus\n|-damage|p1a: Landorus|12\/100\n|move|p1a: Landorus|Earthquake|p2a: Dragapult\n|-damage|p2a: Dragapult|11\/100\n|\n|-weather|Hail|[upkeep]\n|-damage|p2a: Dragapult|5\/100|[from] Hail\n|-damage|p1a: Landorus|6\/100|[from] Hail\n|-fieldend|move: Psychic Terrain\n|upkeep\n|turn|16\n|\n|t:|1659394340\n|move|p2a: Dragapult|Dragon Darts|p1a: Landorus\n|-damage|p1a: Landorus|0 fnt\n|faint|p1a: Landorus\n|\n|win|cump2\n|raw|LT91BB Zena&apos;'s rating: 1612 &rarr; <strong>1593<\/strong><br \/>(-19 for losing)\n|raw|cump2's rating: 1622 &rarr; <strong>1641<\/strong><br \/>(+19 for winning)\n","uploadtime":1659394344,"views":42,"p1id":"lt91bbzena","p2id":"cump2","formatid":"gen8ou","rating":1593,"private":0,"password":null}