{"id":"gen8ou-1685770353","p1":"FleetFoxxx","p2":"test bbbbn","format":"gen8ou","log":"|html|<div class=\"broadcast-blue\"><strong>[Gen 8] OU is currently suspecting Melmetal! For information on how to participate check out the <a href=\"https:\/\/www.smogon.com\/forums\/threads\/np-ss-ou-suspect-process-round-12-monster-mash.3709234\/\">suspect thread<\/a>.<\/strong><\/div>\n|j|\u2606FleetFoxxx\n|j|\u2606test bbbbn\n|t:|1665769233\n|gametype|singles\n|player|p1|FleetFoxxx|101|1520\n|player|p2|test bbbbn|juan-gen3|1493\n|teamsize|p1|6\n|teamsize|p2|6\n|gen|8\n|tier|[Gen 8] OU\n|rated|\n|rule|Sleep Clause Mod: Limit one foe put to sleep\n|rule|Species Clause: Limit one of each Pok\u00e9mon\n|rule|OHKO Clause: OHKO moves are banned\n|rule|Evasion Items Clause: Evasion items are banned\n|rule|Evasion Moves Clause: Evasion moves are banned\n|rule|Endless Battle Clause: Forcing endless battles is banned\n|rule|HP Percentage Mod: HP is shown in percentages\n|rule|Dynamax Clause: You cannot dynamax\n|clearpoke\n|poke|p1|Toxapex, M|\n|poke|p1|Excadrill, M|\n|poke|p1|Celesteela|\n|poke|p1|Tapu Lele|\n|poke|p1|Buzzwole|\n|poke|p1|Tyranitar, M|\n|poke|p2|Mew|\n|poke|p2|Weavile, M|\n|poke|p2|Celesteela|\n|poke|p2|Garchomp, F|\n|poke|p2|Blacephalon|\n|poke|p2|Crawdaunt, M|\n|teampreview\n|\n|t:|1665769259\n|start\n|switch|p1a: Celesteela|Celesteela|100\/100\n|switch|p2a: Blacephalon|Blacephalon, shiny|100\/100\n|turn|1\n|inactive|Battle timer is ON: inactive players will automatically lose when time's up. (requested by test bbbbn)\n|inactive|test bbbbn has 120 seconds left.\n|\n|t:|1665769307\n|switch|p1a: Toxapex|Toxapex, M|100\/100\n|move|p2a: Blacephalon|Flamethrower|p1a: Toxapex\n|-resisted|p1a: Toxapex\n|-damage|p1a: Toxapex|77\/100\n|\n|-heal|p1a: Toxapex|83\/100|[from] item: Black Sludge\n|upkeep\n|turn|2\n|\n|t:|1665769325\n|switch|p2a: Mew|Mew, shiny|100\/100\n|move|p1a: Toxapex|Knock Off|p2a: Mew\n|-supereffective|p2a: Mew\n|-enditem|p2a: Mew|Colbur Berry|[eat]\n|-enditem|p2a: Mew|Colbur Berry|[weaken]\n|-damage|p2a: Mew|89\/100\n|\n|-heal|p1a: Toxapex|89\/100|[from] item: Black Sludge\n|upkeep\n|turn|3\n|\n|t:|1665769335\n|move|p2a: Mew|Stealth Rock|p1a: Toxapex\n|-sidestart|p1: FleetFoxxx|move: Stealth Rock\n|move|p1a: Toxapex|Toxic|p2a: Mew\n|-status|p2a: Mew|tox\n|-activate|p2a: Mew|ability: Synchronize\n|-immune|p1a: Toxapex\n|\n|-heal|p1a: Toxapex|96\/100|[from] item: Black Sludge\n|-damage|p2a: Mew|83\/100 tox|[from] psn\n|upkeep\n|turn|4\n|\n|t:|1665769362\n|move|p2a: Mew|Thunder Wave|p1a: Toxapex\n|-status|p1a: Toxapex|par\n|move|p1a: Toxapex|Knock Off|p2a: Mew\n|-supereffective|p2a: Mew\n|-damage|p2a: Mew|68\/100 tox\n|\n|-heal|p1a: Toxapex|100\/100 par|[from] item: Black Sludge\n|-damage|p2a: Mew|55\/100 tox|[from] psn\n|upkeep\n|turn|5\n|\n|t:|1665769374\n|move|p2a: Mew|Spikes|p1a: Toxapex\n|-sidestart|p1: FleetFoxxx|Spikes\n|move|p1a: Toxapex|Knock Off|p2a: Mew\n|-supereffective|p2a: Mew\n|-damage|p2a: Mew|39\/100 tox\n|\n|-damage|p2a: Mew|21\/100 tox|[from] psn\n|upkeep\n|turn|6\n|\n|t:|1665769381\n|move|p2a: Mew|Spikes|p1a: Toxapex\n|-sidestart|p1: FleetFoxxx|Spikes\n|cant|p1a: Toxapex|par\n|\n|-damage|p2a: Mew|0 fnt|[from] psn\n|faint|p2a: Mew\n|upkeep\n|\n|t:|1665769394\n|switch|p2a: Garchomp|Garchomp, F, shiny|100\/100\n|turn|7\n|\n|t:|1665769400\n|move|p2a: Garchomp|Swords Dance|p2a: Garchomp\n|-boost|p2a: Garchomp|atk|2\n|move|p1a: Toxapex|Toxic|p2a: Garchomp\n|-status|p2a: Garchomp|tox\n|-enditem|p2a: Garchomp|Lum Berry|[eat]\n|-curestatus|p2a: Garchomp|tox|[msg]\n|\n|upkeep\n|turn|8\n|\n|t:|1665769408\n|move|p2a: Garchomp|Swords Dance|p2a: Garchomp\n|-boost|p2a: Garchomp|atk|2\n|move|p1a: Toxapex|Haze|p1a: Toxapex\n|-clearallboost\n|\n|upkeep\n|turn|9\n|\n|t:|1665769413\n|move|p2a: Garchomp|Swords Dance|p2a: Garchomp\n|-boost|p2a: Garchomp|atk|2\n|move|p1a: Toxapex|Toxic|p2a: Garchomp\n|-status|p2a: Garchomp|tox\n|\n|-damage|p2a: Garchomp|94\/100 tox|[from] psn\n|upkeep\n|turn|10\n|\n|t:|1665769416\n|move|p2a: Garchomp|Earthquake|p1a: Toxapex\n|-supereffective|p1a: Toxapex\n|-damage|p1a: Toxapex|0 fnt\n|faint|p1a: Toxapex\n|\n|-damage|p2a: Garchomp|82\/100 tox|[from] psn\n|upkeep\n|\n|t:|1665769418\n|switch|p1a: Celesteela|Celesteela|100\/100\n|-damage|p1a: Celesteela|88\/100|[from] Stealth Rock\n|turn|11\n|\n|t:|1665769421\n|move|p2a: Garchomp|Fire Fang|p1a: Celesteela\n|-supereffective|p1a: Celesteela\n|-damage|p1a: Celesteela|6\/100\n|cant|p1a: Celesteela|flinch\n|\n|-damage|p2a: Garchomp|64\/100 tox|[from] psn\n|upkeep\n|turn|12\n|\n|t:|1665769425\n|move|p2a: Garchomp|Fire Fang|p1a: Celesteela\n|-supereffective|p1a: Celesteela\n|-damage|p1a: Celesteela|0 fnt\n|faint|p1a: Celesteela\n|\n|-damage|p2a: Garchomp|39\/100 tox|[from] psn\n|upkeep\n|-message|FleetFoxxx forfeited.\n|\n|win|test bbbbn\n|raw|FleetFoxxx's rating: 1501 &rarr; <strong>1481<\/strong><br \/>(-20 for losing)\n|raw|test bbbbn's rating: 1493 &rarr; <strong>1513<\/strong><br \/>(+20 for winning)\n|l|\u2606FleetFoxxx\n||Ladder isn't responding, score probably updated but might not have (Request timeout).\n","uploadtime":1665769463,"views":3,"p1id":"fleetfoxxx","p2id":"testbbbbn","formatid":"gen8ou","rating":1481,"private":0,"password":null}