{"id":"gen8ou-1305620214","p1":"friedfreak","p2":"Dog mendigoso","format":"gen8ou","log":"|j|\u2606friedfreak\n|j|\u2606Dog mendigoso\n|t:|1616287607\n|player|p1|friedfreak|2|1861\n|player|p2|Dog mendigoso|giovanni|1793\n|teamsize|p1|6\n|teamsize|p2|6\n|gametype|singles\n|gen|8\n|tier|[Gen 8] OU\n|rated|\n|clearpoke\n|poke|p1|Clefable, M|\n|poke|p1|Garchomp, M|\n|poke|p1|Tapu Koko|\n|poke|p1|Ferrothorn, F|\n|poke|p1|Corviknight, M|\n|poke|p1|Urshifu-*, F|\n|poke|p2|Tornadus-Therian, M|\n|poke|p2|Landorus-Therian, M|\n|poke|p2|Ferrothorn, M|\n|poke|p2|Dragonite, M|\n|poke|p2|Tapu Lele|\n|poke|p2|Toxapex, M|\n|rule|Sleep Clause Mod: Limit one foe put to sleep\n|rule|Species Clause: Limit one of each Pok\u00e9mon\n|rule|OHKO Clause: OHKO moves are banned\n|rule|Evasion Moves Clause: Evasion moves are banned\n|rule|Endless Battle Clause: Forcing endless battles is banned\n|rule|HP Percentage Mod: HP is shown in percentages\n|rule|Dynamax Clause: You cannot dynamax\n|teampreview\n|j| trollordeer\n|\n|t:|1616287627\n|start\n|switch|p1a: Tapu Koko|Tapu Koko|100\/100\n|switch|p2a: Ferrothorn|Ferrothorn, M|100\/100\n|-fieldstart|move: Electric Terrain|[from] ability: Electric Surge|[of] p1a: Tapu Koko\n|turn|1\n|j| der kuli\n|\n|t:|1616287639\n|switch|p1a: Clefable|Clefable, M|100\/100\n|move|p2a: Ferrothorn|Stealth Rock|p1a: Clefable\n|-sidestart|p1: friedfreak|move: Stealth Rock\n|\n|upkeep\n|turn|2\n|\n|t:|1616287644\n|move|p1a: Clefable|Knock Off|p2a: Ferrothorn\n|-damage|p2a: Ferrothorn|92\/100\n|-activate|p2a: Ferrothorn|ability: Iron Barbs\n|-enditem|p2a: Ferrothorn|Leftovers|[from] move: Knock Off|[of] p1a: Clefable\n|move|p2a: Ferrothorn|Gyro Ball|p1a: Clefable\n|-supereffective|p1a: Clefable\n|-damage|p1a: Clefable|48\/100\n|\n|-heal|p1a: Clefable|54\/100|[from] item: Leftovers\n|upkeep\n|turn|3\n|l| der kuli\n|j| buteko\n|\n|t:|1616287652\n|move|p1a: Clefable|Soft-Boiled|p1a: Clefable\n|-heal|p1a: Clefable|100\/100\n|move|p2a: Ferrothorn|Gravity|p2a: Ferrothorn\n|-fieldstart|move: Gravity\n|\n|upkeep\n|turn|4\n|j| 214g\n|\n|t:|1616287659\n|switch|p1a: Ferrothorn|Ferrothorn, F|100\/100\n|-damage|p1a: Ferrothorn|95\/100|[from] Stealth Rock\n|move|p2a: Ferrothorn|Gyro Ball|p1a: Ferrothorn\n|-resisted|p1a: Ferrothorn\n|-damage|p1a: Ferrothorn|89\/100\n|-damage|p2a: Ferrothorn|80\/100|[from] ability: Iron Barbs|[of] p1a: Ferrothorn\n|\n|-heal|p1a: Ferrothorn|95\/100|[from] item: Leftovers\n|upkeep\n|turn|5\n|\n|t:|1616287667\n|switch|p2a: Tapu Lele|Tapu Lele|100\/100\n|-fieldstart|move: Psychic Terrain|[from] ability: Psychic Surge|[of] p2a: Tapu Lele\n|move|p1a: Ferrothorn|Spikes|p2a: Tapu Lele\n|-sidestart|p2: Dog mendigoso|Spikes\n|\n|-heal|p1a: Ferrothorn|100\/100|[from] item: Leftovers\n|upkeep\n|turn|6\n|j| SS Wittmann\n|\n|t:|1616287673\n|switch|p1a: Corviknight|Corviknight, M|100\/100\n|-damage|p1a: Corviknight|88\/100|[from] Stealth Rock\n|-ability|p1a: Corviknight|Pressure\n|move|p2a: Tapu Lele|Focus Blast|p1a: Corviknight\n|-damage|p1a: Corviknight|60\/100\n|\n|-heal|p1a: Corviknight|66\/100|[from] item: Leftovers\n|upkeep\n|turn|7\n|\n|t:|1616287689\n|move|p2a: Tapu Lele|Focus Blast|p1a: Corviknight\n|-damage|p1a: Corviknight|40\/100\n|move|p1a: Corviknight|Roost|p1a: Corviknight\n|-heal|p1a: Corviknight|90\/100\n|-singleturn|p1a: Corviknight|move: Roost\n|\n|-heal|p1a: Corviknight|96\/100|[from] item: Leftovers\n|-fieldend|move: Gravity\n|upkeep\n|turn|8\n|l| 214g\n|\n|t:|1616287707\n|switch|p2a: Landorus|Landorus-Therian, M|100\/100\n|-ability|p2a: Landorus|Intimidate|boost\n|-unboost|p1a: Corviknight|atk|1\n|move|p1a: Corviknight|U-turn|p2a: Landorus\n|-resisted|p2a: Landorus\n|-crit|p2a: Landorus\n|-damage|p2a: Landorus|89\/100\n|j| magicgirl_rere\n|\n|t:|1616287718\n|switch|p1a: Garchomp|Garchomp, M|100\/100|[from]move: U-turn\n|-damage|p1a: Garchomp|94\/100|[from] Stealth Rock\n|\n|upkeep\n|turn|9\n|\n|t:|1616287724\n|move|p1a: Garchomp|Stealth Rock|p2a: Landorus\n|-sidestart|p2: Dog mendigoso|move: Stealth Rock\n|move|p2a: Landorus|Earthquake|p1a: Garchomp\n|-damage|p1a: Garchomp|0 fnt\n|faint|p1a: Garchomp\n|\n|-fieldend|move: Psychic Terrain\n|upkeep\n|\n|t:|1616287733\n|switch|p1a: Urshifu|Urshifu-Rapid-Strike, F|100\/100\n|-damage|p1a: Urshifu|94\/100|[from] Stealth Rock\n|turn|10\n|\n|t:|1616287741\n|switch|p2a: Toxapex|Toxapex, M|100\/100\n|-damage|p2a: Toxapex|88\/100|[from] Spikes\n|-damage|p2a: Toxapex|75\/100|[from] Stealth Rock\n|move|p1a: Urshifu|U-turn|p2a: Toxapex\n|-resisted|p2a: Toxapex\n|-damage|p2a: Toxapex|63\/100\n|\n|t:|1616287749\n|switch|p1a: Tapu Koko|Tapu Koko|100\/100|[from]move: U-turn\n|-fieldstart|move: Electric Terrain|[from] ability: Electric Surge|[of] p1a: Tapu Koko\n|\n|-heal|p2a: Toxapex|69\/100|[from] item: Black Sludge\n|upkeep\n|turn|11\n|\n|t:|1616287755\n|move|p2a: Toxapex|Baneful Bunker|p2a: Toxapex\n|-singleturn|p2a: Toxapex|move: Protect\n|move|p1a: Tapu Koko|U-turn|p2a: Toxapex\n|-activate|p2a: Toxapex|move: Protect\n|-status|p1a: Tapu Koko|psn\n|\n|-heal|p2a: Toxapex|75\/100|[from] item: Black Sludge\n|-damage|p1a: Tapu Koko|88\/100 psn|[from] psn\n|upkeep\n|turn|12\n|\n|t:|1616287765\n|move|p1a: Tapu Koko|Thunderbolt|p2a: Toxapex\n|-supereffective|p2a: Toxapex\n|-damage|p2a: Toxapex|2\/100\n|move|p2a: Toxapex|Recover|p2a: Toxapex\n|-heal|p2a: Toxapex|52\/100\n|\n|-heal|p2a: Toxapex|58\/100|[from] item: Black Sludge\n|-damage|p1a: Tapu Koko|76\/100 psn|[from] psn\n|upkeep\n|turn|13\n|\n|t:|1616287771\n|move|p2a: Toxapex|Baneful Bunker|p2a: Toxapex\n|-singleturn|p2a: Toxapex|move: Protect\n|move|p1a: Tapu Koko|U-turn|p2a: Toxapex\n|-activate|p2a: Toxapex|move: Protect\n|\n|-heal|p2a: Toxapex|64\/100|[from] item: Black Sludge\n|-damage|p1a: Tapu Koko|63\/100 psn|[from] psn\n|upkeep\n|turn|14\n|\n|t:|1616287780\n|switch|p2a: Landorus|Landorus-Therian, M|89\/100\n|-damage|p2a: Landorus|77\/100|[from] Stealth Rock\n|-ability|p2a: Landorus|Intimidate|boost\n|-unboost|p1a: Tapu Koko|atk|1\n|move|p1a: Tapu Koko|Thunderbolt|p2a: Landorus\n|-immune|p2a: Landorus\n|\n|-damage|p1a: Tapu Koko|51\/100 psn|[from] psn\n|-fieldend|move: Electric Terrain\n|upkeep\n|turn|15\n|\n|t:|1616287787\n|move|p1a: Tapu Koko|U-turn|p2a: Landorus\n|-resisted|p2a: Landorus\n|-damage|p2a: Landorus|70\/100\n|\n|t:|1616287799\n|switch|p1a: Ferrothorn|Ferrothorn, F|100\/100|[from]move: U-turn\n|-damage|p1a: Ferrothorn|95\/100|[from] Stealth Rock\n|move|p2a: Landorus|U-turn|p1a: Ferrothorn\n|-damage|p1a: Ferrothorn|71\/100\n|-damage|p2a: Landorus|58\/100|[from] ability: Iron Barbs|[of] p1a: Ferrothorn\n|\n|t:|1616287806\n|switch|p2a: Tornadus|Tornadus-Therian, M|100\/100|[from]move: U-turn\n|\n|-heal|p1a: Ferrothorn|77\/100|[from] item: Leftovers\n|upkeep\n|turn|16\n|\n|t:|1616287815\n|switch|p1a: Corviknight|Corviknight, M|96\/100\n|-damage|p1a: Corviknight|84\/100|[from] Stealth Rock\n|-ability|p1a: Corviknight|Pressure\n|move|p2a: Tornadus|Defog|p1a: Corviknight\n|-unboost|p1a: Corviknight|evasion|1\n|-sideend|p1: friedfreak|Stealth Rock|[from] move: Defog|[of] p2a: Tornadus\n|-sideend|p2: Dog mendigoso|Spikes|[from] move: Defog|[of] p2a: Tornadus\n|-sideend|p2: Dog mendigoso|Stealth Rock|[from] move: Defog|[of] p2a: Tornadus\n|\n|-heal|p1a: Corviknight|90\/100|[from] item: Leftovers\n|upkeep\n|turn|17\n|\n|t:|1616287822\n|move|p2a: Tornadus|U-turn|p1a: Corviknight\n|-resisted|p1a: Corviknight\n|-damage|p1a: Corviknight|87\/100\n|\n|t:|1616287826\n|switch|p2a: Ferrothorn|Ferrothorn, M|80\/100|[from]move: U-turn\n|move|p1a: Corviknight|U-turn|p2a: Ferrothorn\n|-damage|p2a: Ferrothorn|71\/100\n|-damage|p1a: Corviknight|75\/100|[from] ability: Iron Barbs|[of] p2a: Ferrothorn\n|\n|t:|1616287829\n|switch|p1a: Ferrothorn|Ferrothorn, F|77\/100|[from]move: U-turn\n|\n|-heal|p1a: Ferrothorn|83\/100|[from] item: Leftovers\n|upkeep\n|turn|18\n|\n|t:|1616287833\n|move|p1a: Ferrothorn|Spikes|p2a: Ferrothorn\n|-sidestart|p2: Dog mendigoso|Spikes\n|move|p2a: Ferrothorn|Stealth Rock|p1a: Ferrothorn\n|-sidestart|p1: friedfreak|move: Stealth Rock\n|\n|-heal|p1a: Ferrothorn|89\/100|[from] item: Leftovers\n|upkeep\n|turn|19\n|\n|t:|1616287843\n|switch|p2a: Landorus|Landorus-Therian, M|58\/100\n|-ability|p2a: Landorus|Intimidate|boost\n|-unboost|p1a: Ferrothorn|atk|1\n|move|p1a: Ferrothorn|Spikes|p2a: Landorus\n|-sidestart|p2: Dog mendigoso|Spikes\n|\n|-heal|p1a: Ferrothorn|95\/100|[from] item: Leftovers\n|upkeep\n|turn|20\n|\n|t:|1616287857\n|move|p2a: Landorus|Rock Slide|p1a: Ferrothorn\n|-resisted|p1a: Ferrothorn\n|-damage|p1a: Ferrothorn|82\/100\n|cant|p1a: Ferrothorn|flinch\n|\n|-heal|p1a: Ferrothorn|88\/100|[from] item: Leftovers\n|upkeep\n|turn|21\n|\n|t:|1616287866\n|switch|p2a: Tornadus|Tornadus-Therian, M|100\/100\n|move|p1a: Ferrothorn|Leech Seed|p2a: Tornadus\n|-start|p2a: Tornadus|move: Leech Seed\n|\n|-heal|p1a: Ferrothorn|94\/100|[from] item: Leftovers\n|-damage|p2a: Tornadus|88\/100|[from] Leech Seed|[of] p1a: Ferrothorn\n|-heal|p1a: Ferrothorn|100\/100|[silent]\n|upkeep\n|turn|22\n|\n|t:|1616287876\n|switch|p2a: Landorus|Landorus-Therian, M|58\/100\n|-ability|p2a: Landorus|Intimidate|boost\n|-unboost|p1a: Ferrothorn|atk|1\n|move|p1a: Ferrothorn|Spikes|p2a: Landorus\n|-sidestart|p2: Dog mendigoso|Spikes\n|\n|upkeep\n|turn|23\n|\n|t:|1616287890\n|move|p2a: Landorus|Earthquake|p1a: Ferrothorn\n|-damage|p1a: Ferrothorn|48\/100\n|move|p1a: Ferrothorn|Leech Seed|p2a: Landorus\n|-start|p2a: Landorus|move: Leech Seed\n|\n|-heal|p1a: Ferrothorn|54\/100|[from] item: Leftovers\n|-damage|p2a: Landorus|46\/100|[from] Leech Seed|[of] p1a: Ferrothorn\n|-heal|p1a: Ferrothorn|65\/100|[silent]\n|upkeep\n|turn|24\n|\n|t:|1616287925\n|switch|p2a: Tornadus|Tornadus-Therian, M|100\/100\n|switch|p1a: Clefable|Clefable, M|100\/100\n|\n|upkeep\n|turn|25\n|\n|t:|1616287932\n|move|p2a: Tornadus|Defog|p1a: Clefable\n|-unboost|p1a: Clefable|evasion|1\n|-sideend|p1: friedfreak|Stealth Rock|[from] move: Defog|[of] p2a: Tornadus\n|-sideend|p2: Dog mendigoso|Spikes|[from] move: Defog|[of] p2a: Tornadus\n|move|p1a: Clefable|Moonblast|p2a: Tornadus\n|-damage|p2a: Tornadus|69\/100\n|\n|upkeep\n|turn|26\n|\n|t:|1616287939\n|move|p2a: Tornadus|Hurricane|p1a: Clefable\n|-damage|p1a: Clefable|64\/100\n|move|p1a: Clefable|Moonblast|p2a: Tornadus\n|-damage|p2a: Tornadus|36\/100\n|\n|-heal|p1a: Clefable|70\/100|[from] item: Leftovers\n|upkeep\n|turn|27\n|\n|t:|1616287951\n|move|p2a: Tornadus|U-turn|p1a: Clefable\n|-resisted|p1a: Clefable\n|-damage|p1a: Clefable|64\/100\n|\n|t:|1616287956\n|switch|p2a: Ferrothorn|Ferrothorn, M|71\/100|[from]move: U-turn\n|move|p1a: Clefable|Aromatherapy|p1a: Clefable\n|-activate|p1a: Clefable|move: Aromatherapy\n|-curestatus|p1: Tapu Koko|psn|[msg]\n|\n|-heal|p1a: Clefable|70\/100|[from] item: Leftovers\n|upkeep\n|turn|28\n|\n|t:|1616287961\n|switch|p1a: Ferrothorn|Ferrothorn, F|65\/100\n|move|p2a: Ferrothorn|Stealth Rock|p1a: Ferrothorn\n|-sidestart|p1: friedfreak|move: Stealth Rock\n|\n|-heal|p1a: Ferrothorn|71\/100|[from] item: Leftovers\n|upkeep\n|turn|29\n|\n|t:|1616287968\n|switch|p2a: Landorus|Landorus-Therian, M|46\/100\n|-ability|p2a: Landorus|Intimidate|boost\n|-unboost|p1a: Ferrothorn|atk|1\n|move|p1a: Ferrothorn|Spikes|p2a: Landorus\n|-sidestart|p2: Dog mendigoso|Spikes\n|\n|-heal|p1a: Ferrothorn|77\/100|[from] item: Leftovers\n|upkeep\n|turn|30\n|\n|t:|1616287981\n|switch|p1a: Corviknight|Corviknight, M|75\/100\n|-damage|p1a: Corviknight|62\/100|[from] Stealth Rock\n|-ability|p1a: Corviknight|Pressure\n|move|p2a: Landorus|Knock Off|p1a: Corviknight\n|-damage|p1a: Corviknight|16\/100\n|-enditem|p1a: Corviknight|Leftovers|[from] move: Knock Off|[of] p2a: Landorus\n|\n|upkeep\n|turn|31\n|\n|t:|1616287987\n|move|p2a: Landorus|Knock Off|p1a: Corviknight\n|-damage|p1a: Corviknight|0 fnt\n|faint|p1a: Corviknight\n|\n|upkeep\n|\n|t:|1616288004\n|switch|p1a: Urshifu|Urshifu-Rapid-Strike, F|94\/100\n|-damage|p1a: Urshifu|88\/100|[from] Stealth Rock\n|turn|32\n|\n|t:|1616288008\n|switch|p2a: Toxapex|Toxapex, M|98\/100\n|-damage|p2a: Toxapex|85\/100|[from] Spikes\n|move|p1a: Urshifu|Surging Strikes|p2a: Toxapex\n|-resisted|p2a: Toxapex\n|-crit|p2a: Toxapex\n|-damage|p2a: Toxapex|75\/100\n|-resisted|p2a: Toxapex\n|-crit|p2a: Toxapex\n|-damage|p2a: Toxapex|65\/100\n|-resisted|p2a: Toxapex\n|-crit|p2a: Toxapex\n|-damage|p2a: Toxapex|55\/100\n|-hitcount|p2a: Toxapex|3\n|\n|-heal|p2a: Toxapex|61\/100|[from] item: Black Sludge\n|upkeep\n|turn|33\n|\n|t:|1616288015\n|switch|p1a: Ferrothorn|Ferrothorn, F|77\/100\n|-damage|p1a: Ferrothorn|71\/100|[from] Stealth Rock\n|move|p2a: Toxapex|Scald|p1a: Ferrothorn\n|-resisted|p1a: Ferrothorn\n|-damage|p1a: Ferrothorn|63\/100\n|\n|-heal|p2a: Toxapex|67\/100|[from] item: Black Sludge\n|-heal|p1a: Ferrothorn|69\/100|[from] item: Leftovers\n|upkeep\n|turn|34\n|\n|t:|1616288023\n|move|p2a: Toxapex|Scald|p1a: Ferrothorn\n|-resisted|p1a: Ferrothorn\n|-damage|p1a: Ferrothorn|62\/100\n|move|p1a: Ferrothorn|Leech Seed|p2a: Toxapex\n|-start|p2a: Toxapex|move: Leech Seed\n|\n|-heal|p2a: Toxapex|74\/100|[from] item: Black Sludge\n|-heal|p1a: Ferrothorn|68\/100|[from] item: Leftovers\n|-damage|p2a: Toxapex|61\/100|[from] Leech Seed|[of] p1a: Ferrothorn\n|-heal|p1a: Ferrothorn|79\/100|[silent]\n|upkeep\n|turn|35\n|\n|t:|1616288028\n|move|p2a: Toxapex|Scald|p1a: Ferrothorn\n|-resisted|p1a: Ferrothorn\n|-damage|p1a: Ferrothorn|71\/100\n|move|p1a: Ferrothorn|Spikes|p2a: Toxapex\n|-sidestart|p2: Dog mendigoso|Spikes\n|\n|-heal|p2a: Toxapex|67\/100|[from] item: Black Sludge\n|-heal|p1a: Ferrothorn|77\/100|[from] item: Leftovers\n|-damage|p2a: Toxapex|55\/100|[from] Leech Seed|[of] p1a: Ferrothorn\n|-heal|p1a: Ferrothorn|88\/100|[silent]\n|upkeep\n|turn|36\n|\n|t:|1616288042\n|switch|p1a: Tapu Koko|Tapu Koko|51\/100\n|-fieldstart|move: Electric Terrain|[from] ability: Electric Surge|[of] p1a: Tapu Koko\n|move|p2a: Toxapex|Scald|p1a: Tapu Koko\n|-damage|p1a: Tapu Koko|24\/100\n|-status|p1a: Tapu Koko|brn\n|\n|-heal|p2a: Toxapex|61\/100|[from] item: Black Sludge\n|-damage|p2a: Toxapex|49\/100|[from] Leech Seed|[of] p1a: Tapu Koko\n|-heal|p1a: Tapu Koko|38\/100 brn|[silent]\n|-damage|p1a: Tapu Koko|31\/100 brn|[from] brn\n|upkeep\n|turn|37\n|\n|t:|1616288054\n|switch|p2a: Ferrothorn|Ferrothorn, M|71\/100\n|-damage|p2a: Ferrothorn|55\/100|[from] Spikes\n|move|p1a: Tapu Koko|Roost|p1a: Tapu Koko\n|-heal|p1a: Tapu Koko|82\/100 brn\n|-singleturn|p1a: Tapu Koko|move: Roost\n|\n|-damage|p1a: Tapu Koko|76\/100 brn|[from] brn\n|upkeep\n|turn|38\n|\n|t:|1616288063\n|move|p1a: Tapu Koko|U-turn|p2a: Ferrothorn\n|-damage|p2a: Ferrothorn|50\/100\n|-damage|p1a: Tapu Koko|63\/100 brn|[from] ability: Iron Barbs|[of] p2a: Ferrothorn\n|\n|t:|1616288068\n|switch|p1a: Ferrothorn|Ferrothorn, F|88\/100|[from]move: U-turn\n|-damage|p1a: Ferrothorn|82\/100|[from] Stealth Rock\n|move|p2a: Ferrothorn|Gyro Ball|p1a: Ferrothorn\n|-resisted|p1a: Ferrothorn\n|-damage|p1a: Ferrothorn|77\/100\n|-damage|p2a: Ferrothorn|38\/100|[from] ability: Iron Barbs|[of] p1a: Ferrothorn\n|\n|-heal|p1a: Ferrothorn|83\/100|[from] item: Leftovers\n|upkeep\n|turn|39\n|n| trollordeer|trollordeer\n|\n|t:|1616288085\n|switch|p2a: Tornadus|Tornadus-Therian, M|70\/100\n|move|p1a: Ferrothorn|Body Press|p2a: Tornadus\n|-resisted|p2a: Tornadus\n|-damage|p2a: Tornadus|52\/100\n|\n|-heal|p1a: Ferrothorn|89\/100|[from] item: Leftovers\n|upkeep\n|turn|40\n|\n|t:|1616288092\n|move|p2a: Tornadus|Defog|p1a: Ferrothorn\n|-unboost|p1a: Ferrothorn|evasion|1\n|-sideend|p1: friedfreak|Stealth Rock|[from] move: Defog|[of] p2a: Tornadus\n|-sideend|p2: Dog mendigoso|Spikes|[from] move: Defog|[of] p2a: Tornadus\n|-fieldend|move: Electric Terrain\n|move|p1a: Ferrothorn|Leech Seed|p2a: Tornadus\n|-start|p2a: Tornadus|move: Leech Seed\n|\n|-heal|p1a: Ferrothorn|95\/100|[from] item: Leftovers\n|-damage|p2a: Tornadus|40\/100|[from] Leech Seed|[of] p1a: Ferrothorn\n|-heal|p1a: Ferrothorn|100\/100|[silent]\n|upkeep\n|turn|41\n|\n|t:|1616288107\n|switch|p2a: Tapu Lele|Tapu Lele|100\/100\n|-fieldstart|move: Psychic Terrain|[from] ability: Psychic Surge|[of] p2a: Tapu Lele\n|move|p1a: Ferrothorn|Spikes|p2a: Tapu Lele\n|-sidestart|p2: Dog mendigoso|Spikes\n|\n|upkeep\n|turn|42\n|\n|t:|1616288128\n|move|p2a: Tapu Lele|Focus Blast|p1a: Ferrothorn\n|-supereffective|p1a: Ferrothorn\n|-damage|p1a: Ferrothorn|24\/100\n|-unboost|p1a: Ferrothorn|spd|1\n|move|p1a: Ferrothorn|Leech Seed|p2a: Tapu Lele\n|-start|p2a: Tapu Lele|move: Leech Seed\n|\n|-heal|p1a: Ferrothorn|30\/100|[from] item: Leftovers\n|-damage|p2a: Tapu Lele|88\/100|[from] Leech Seed|[of] p1a: Ferrothorn\n|-heal|p1a: Ferrothorn|40\/100|[silent]\n|upkeep\n|turn|43\n|\n|t:|1616288138\n|switch|p2a: Landorus|Landorus-Therian, M|46\/100\n|-ability|p2a: Landorus|Intimidate|boost\n|-unboost|p1a: Ferrothorn|atk|1\n|switch|p1a: Clefable|Clefable, M|70\/100\n|\n|-heal|p1a: Clefable|76\/100|[from] item: Leftovers\n|upkeep\n|turn|44\n|\n|t:|1616288148\n|move|p2a: Landorus|Earthquake|p1a: Clefable\n|-damage|p1a: Clefable|11\/100\n|move|p1a: Clefable|Moonblast|p2a: Landorus\n|-damage|p2a: Landorus|9\/100\n|-unboost|p2a: Landorus|spa|1\n|\n|-heal|p1a: Clefable|17\/100|[from] item: Leftovers\n|upkeep\n|turn|45\n|\n|t:|1616288159\n|move|p2a: Landorus|Earthquake|p1a: Clefable\n|-damage|p1a: Clefable|0 fnt\n|faint|p1a: Clefable\n|\n|-fieldend|move: Psychic Terrain\n|upkeep\n|\n|t:|1616288168\n|switch|p1a: Tapu Koko|Tapu Koko|63\/100 brn\n|-fieldstart|move: Electric Terrain|[from] ability: Electric Surge|[of] p1a: Tapu Koko\n|turn|46\n|\n|t:|1616288176\n|switch|p2a: Tapu Lele|Tapu Lele|88\/100\n|-damage|p2a: Tapu Lele|76\/100|[from] Spikes\n|-fieldstart|move: Psychic Terrain|[from] ability: Psychic Surge|[of] p2a: Tapu Lele\n|move|p1a: Tapu Koko|Dazzling Gleam|p2a: Tapu Lele\n|-damage|p2a: Tapu Lele|38\/100\n|\n|-damage|p1a: Tapu Koko|57\/100 brn|[from] brn\n|upkeep\n|turn|47\n|\n|t:|1616288185\n|move|p2a: Tapu Lele|Psychic|p1a: Tapu Koko\n|-damage|p1a: Tapu Koko|0 fnt\n|faint|p1a: Tapu Koko\n|\n|upkeep\n|-message|friedfreak forfeited.\n|\n|win|Dog mendigoso\n|raw|friedfreak's rating: 1861 &rarr; <strong>1837<\/strong><br \/>(-24 for losing)\n|raw|Dog mendigoso's rating: 1793 &rarr; <strong>1817<\/strong><br \/>(+24 for winning)\n|l|\u2606friedfreak\n","uploadtime":1616288210,"views":45,"p1id":"friedfreak","p2id":"dogmendigoso","formatid":"gen8ou","rating":1817,"private":0,"password":null}