{"id":"gen8ou-1572161437","p1":"Quap Reformed","p2":"not mb","format":"gen8ou","log":"|j|\u2606Quap Reformed\n|j|\u2606not mb\n|t:|1652233803\n|gametype|singles\n|player|p1|Quap Reformed|beauty-gen7|1577\n|player|p2|not mb|265|1618\n|teamsize|p1|6\n|teamsize|p2|6\n|gen|8\n|tier|[Gen 8] OU\n|rated|\n|rule|Sleep Clause Mod: Limit one foe put to sleep\n|rule|Species Clause: Limit one of each Pok\u00e9mon\n|rule|OHKO Clause: OHKO moves are banned\n|rule|Evasion Moves Clause: Evasion moves are banned\n|rule|Endless Battle Clause: Forcing endless battles is banned\n|rule|HP Percentage Mod: HP is shown in percentages\n|rule|Dynamax Clause: You cannot dynamax\n|clearpoke\n|poke|p1|Nidoking, M|\n|poke|p1|Hydreigon, F|\n|poke|p1|Clefable, F|\n|poke|p1|Ferrothorn, F|\n|poke|p1|Suicune|\n|poke|p1|Aegislash, F|\n|poke|p2|Urshifu-*, F|\n|poke|p2|Zeraora|\n|poke|p2|Tangrowth, F|\n|poke|p2|Slowking-Galar, F|\n|poke|p2|Mandibuzz, F|\n|poke|p2|Heatran, M|\n|teampreview\n|inactive|Battle timer is ON: inactive players will automatically lose when time's up. (requested by Quap Reformed)\n|\n|t:|1652233835\n|start\n|switch|p1a: Ferrothorn|Ferrothorn, F|100\/100\n|switch|p2a: Urshifu|Urshifu-Rapid-Strike, F|100\/100\n|turn|1\n|j| hiye\n|inactive|not mb has 120 seconds left.\n|inactive|not mb has 90 seconds left.\n|\n|t:|1652233920\n|switch|p1a: Aegislash|Aegislash, F|100\/100\n|move|p2a: Urshifu|U-turn|p1a: Aegislash\n|-resisted|p1a: Aegislash\n|-damage|p1a: Aegislash|96\/100\n|j| DA COME UP\n|\n|t:|1652233934\n|switch|p2a: Heatran|Heatran, M|100\/100|[from]move: U-turn\n|\n|-heal|p1a: Aegislash|100\/100|[from] item: Leftovers\n|upkeep\n|turn|2\n|inactive|not mb has 60 seconds left.\n|\n|t:|1652233961\n|switch|p1a: Clefable|Clefable, F|100\/100\n|move|p2a: Heatran|Stealth Rock|p1a: Clefable\n|-sidestart|p1: Quap Reformed|move: Stealth Rock\n|\n|upkeep\n|turn|3\n|\n|t:|1652233968\n|switch|p2a: Slowking|Slowking-Galar, F|100\/100\n|move|p1a: Clefable|Trick|p2a: Slowking\n|-activate|p1a: Clefable|move: Trick|[of] p2a: Slowking\n|-item|p2a: Slowking|Sticky Barb|[from] move: Trick\n|-item|p1a: Clefable|Assault Vest|[from] move: Trick\n|\n|-damage|p2a: Slowking|88\/100|[from] item: Sticky Barb\n|upkeep\n|turn|4\n|\n|t:|1652233983\n|switch|p1a: Hydreigon|Hydreigon, F|100\/100\n|-damage|p1a: Hydreigon|88\/100|[from] Stealth Rock\n|move|p2a: Slowking|Future Sight|p1a: Hydreigon\n|-start|p2a: Slowking|move: Future Sight\n|\n|-heal|p1a: Hydreigon|94\/100|[from] item: Leftovers\n|-damage|p2a: Slowking|76\/100|[from] item: Sticky Barb\n|upkeep\n|turn|5\n|\n|t:|1652233992\n|switch|p2a: Urshifu|Urshifu-Rapid-Strike, F|100\/100\n|move|p1a: Hydreigon|Toxic|p2a: Urshifu\n|-status|p2a: Urshifu|tox\n|\n|-heal|p1a: Hydreigon|100\/100|[from] item: Leftovers\n|-damage|p2a: Urshifu|94\/100 tox|[from] psn\n|upkeep\n|turn|6\n|\n|t:|1652234001\n|switch|p1a: Aegislash|Aegislash, F|100\/100\n|-damage|p1a: Aegislash|94\/100|[from] Stealth Rock\n|move|p2a: Urshifu|Surging Strikes|p1a: Aegislash\n|-crit|p1a: Aegislash\n|-damage|p1a: Aegislash|80\/100\n|-crit|p1a: Aegislash\n|-damage|p1a: Aegislash|63\/100\n|-crit|p1a: Aegislash\n|-damage|p1a: Aegislash|48\/100\n|-hitcount|p1a: Aegislash|3\n|\n|-end|p1a: Aegislash|move: Future Sight\n|-resisted|p1a: Aegislash\n|-damage|p1a: Aegislash|34\/100\n|-heal|p1a: Aegislash|40\/100|[from] item: Leftovers\n|-damage|p2a: Urshifu|82\/100 tox|[from] psn\n|upkeep\n|turn|7\n|\n|t:|1652234009\n|switch|p1a: Ferrothorn|Ferrothorn, F|100\/100\n|-damage|p1a: Ferrothorn|95\/100|[from] Stealth Rock\n|move|p2a: Urshifu|Surging Strikes|p1a: Ferrothorn\n|-resisted|p1a: Ferrothorn\n|-crit|p1a: Ferrothorn\n|-damage|p1a: Ferrothorn|89\/100\n|-activate|p1a: Ferrothorn|ability: Iron Barbs\n|-activate|p2a: Urshifu|item: Protective Pads\n|-resisted|p1a: Ferrothorn\n|-crit|p1a: Ferrothorn\n|-damage|p1a: Ferrothorn|83\/100\n|-activate|p1a: Ferrothorn|ability: Iron Barbs\n|-activate|p2a: Urshifu|item: Protective Pads\n|-resisted|p1a: Ferrothorn\n|-crit|p1a: Ferrothorn\n|-damage|p1a: Ferrothorn|77\/100\n|-activate|p1a: Ferrothorn|ability: Iron Barbs\n|-activate|p2a: Urshifu|item: Protective Pads\n|-hitcount|p1a: Ferrothorn|3\n|\n|-damage|p2a: Urshifu|64\/100 tox|[from] psn\n|upkeep\n|turn|8\n|\n|t:|1652234017\n|switch|p1a: Aegislash|Aegislash, F|40\/100\n|-damage|p1a: Aegislash|34\/100|[from] Stealth Rock\n|move|p2a: Urshifu|U-turn|p1a: Aegislash\n|-resisted|p1a: Aegislash\n|-damage|p1a: Aegislash|29\/100\n|inactive|not mb has 90 seconds left.\n|\n|t:|1652234027\n|switch|p2a: Heatran|Heatran, M|100\/100|[from]move: U-turn\n|\n|-heal|p1a: Aegislash|35\/100|[from] item: Leftovers\n|upkeep\n|turn|9\n|inactive|not mb has 90 seconds left.\n|\n|t:|1652234033\n|move|p1a: Aegislash|King's Shield|p1a: Aegislash\n|-singleturn|p1a: Aegislash|Protect\n|move|p2a: Heatran|Stealth Rock||[still]\n|-fail|p2a: Heatran\n|\n|-heal|p1a: Aegislash|41\/100|[from] item: Leftovers\n|upkeep\n|turn|10\n|c|\u2606not mb|up\n|c| hiye|:)\n|inactive|not mb has 90 seconds left.\n|\n|t:|1652234045\n|switch|p1a: Clefable|Clefable, F|100\/100\n|move|p2a: Heatran|Toxic|p1a: Clefable\n|-status|p1a: Clefable|tox\n|\n|upkeep\n|turn|11\n|\n|t:|1652234050\n|switch|p1a: Hydreigon|Hydreigon, F|100\/100\n|-damage|p1a: Hydreigon|88\/100|[from] Stealth Rock\n|move|p2a: Heatran|Toxic|p1a: Hydreigon\n|-status|p1a: Hydreigon|tox\n|\n|-heal|p1a: Hydreigon|94\/100 tox|[from] item: Leftovers\n|-damage|p1a: Hydreigon|88\/100 tox|[from] psn\n|upkeep\n|turn|12\n|\n|t:|1652234063\n|move|p1a: Hydreigon|Defog|p2a: Heatran\n|-unboost|p2a: Heatran|evasion|1\n|-sideend|p1: Quap Reformed|Stealth Rock|[from] move: Defog|[of] p1a: Hydreigon\n|move|p2a: Heatran|Stealth Rock|p1a: Hydreigon\n|-sidestart|p1: Quap Reformed|move: Stealth Rock\n|\n|-heal|p1a: Hydreigon|94\/100 tox|[from] item: Leftovers\n|-damage|p1a: Hydreigon|82\/100 tox|[from] psn\n|upkeep\n|turn|13\n|-message|Quap Reformed forfeited.\n|\n|win|not mb\n|raw|Quap Reformed's rating: 1577 &rarr; <strong>1559<\/strong><br \/>(-18 for losing)\n|raw|not mb's rating: 1618 &rarr; <strong>1636<\/strong><br \/>(+18 for winning)\n|l|\u2606Quap Reformed\n","uploadtime":1652234075,"views":52,"p1id":"quapreformed","p2id":"notmb","formatid":"gen8ou","rating":1559,"private":0,"password":null}