{"id":"gen8ou-1436038202","p1":"Ava<3","p2":"cump2","format":"gen8ou","log":"|j|\u2606Ava<3\n|j|\u2606cump2\n|t:|1634322022\n|gametype|singles\n|player|p1|Ava<3|acetrainerf-gen4|1592\n|player|p2|cump2|2|1640\n|teamsize|p1|6\n|teamsize|p2|6\n|gen|8\n|tier|[Gen 8] OU\n|rated|\n|rule|Sleep Clause Mod: Limit one foe put to sleep\n|rule|Species Clause: Limit one of each Pok\u00e9mon\n|rule|OHKO Clause: OHKO moves are banned\n|rule|Evasion Moves Clause: Evasion moves are banned\n|rule|Endless Battle Clause: Forcing endless battles is banned\n|rule|HP Percentage Mod: HP is shown in percentages\n|rule|Dynamax Clause: You cannot dynamax\n|clearpoke\n|poke|p1|Toxapex, F|\n|poke|p1|Mew|\n|poke|p1|Clefable, F|\n|poke|p1|Buzzwole|\n|poke|p1|Hippowdon, F|\n|poke|p1|Corviknight, F|\n|poke|p2|Landorus-Therian, M|\n|poke|p2|Urshifu-*, F|\n|poke|p2|Dragapult, F|\n|poke|p2|Slowbro, M|\n|poke|p2|Heatran, F|\n|poke|p2|Kartana|\n|teampreview\n|\n|t:|1634322036\n|start\n|switch|p1a: Hippowdon|Hippowdon, F|100\/100\n|switch|p2a: Dragapult|Dragapult, F|100\/100\n|-weather|Sandstorm|[from] ability: Sand Stream|[of] p1a: Hippowdon\n|turn|1\n|\n|t:|1634322041\n|move|p2a: Dragapult|Shadow Ball|p1a: Hippowdon\n|-damage|p1a: Hippowdon|57\/100\n|move|p1a: Hippowdon|Toxic|p2a: Dragapult\n|-status|p2a: Dragapult|tox\n|\n|-weather|Sandstorm|[upkeep]\n|-damage|p2a: Dragapult|95\/100 tox|[from] Sandstorm\n|-heal|p1a: Hippowdon|64\/100|[from] item: Leftovers\n|-damage|p2a: Dragapult|89\/100 tox|[from] psn\n|upkeep\n|turn|2\n|\n|t:|1634322048\n|switch|p2a: Urshifu|Urshifu-Rapid-Strike, F, shiny|100\/100\n|move|p1a: Hippowdon|Slack Off|p1a: Hippowdon\n|-heal|p1a: Hippowdon|100\/100\n|\n|-weather|Sandstorm|[upkeep]\n|-damage|p2a: Urshifu|94\/100|[from] Sandstorm\n|upkeep\n|turn|3\n|\n|t:|1634322050\n|switch|p1a: Toxapex|Toxapex, F|100\/100\n|move|p2a: Urshifu|U-turn|p1a: Toxapex\n|-resisted|p1a: Toxapex\n|-damage|p1a: Toxapex|90\/100\n|-damage|p2a: Urshifu|78\/100|[from] item: Rocky Helmet|[of] p1a: Toxapex\n|\n|t:|1634322053\n|switch|p2a: Slowbro|Slowbro, M, shiny|100\/100|[from]move: U-turn\n|\n|-weather|Sandstorm|[upkeep]\n|-damage|p1a: Toxapex|84\/100|[from] Sandstorm\n|-damage|p2a: Slowbro|94\/100|[from] Sandstorm\n|upkeep\n|turn|4\n|j| Tengo1984\n|\n|t:|1634322057\n|move|p1a: Toxapex|Knock Off|p2a: Slowbro\n|-supereffective|p2a: Slowbro\n|-damage|p2a: Slowbro|75\/100\n|-enditem|p2a: Slowbro|Heavy-Duty Boots|[from] move: Knock Off|[of] p1a: Toxapex\n|move|p2a: Slowbro|Future Sight|p1a: Toxapex\n|-start|p2a: Slowbro|move: Future Sight\n|\n|-weather|Sandstorm|[upkeep]\n|-damage|p1a: Toxapex|77\/100|[from] Sandstorm\n|-damage|p2a: Slowbro|69\/100|[from] Sandstorm\n|upkeep\n|turn|5\n|\n|t:|1634322062\n|switch|p1a: Clefable|Clefable, F|100\/100\n|move|p2a: Slowbro|Teleport|p2a: Slowbro\n|\n|t:|1634322066\n|switch|p2a: Urshifu|Urshifu-Rapid-Strike, F, shiny|78\/100|[from]move: Teleport\n|\n|-weather|none\n|upkeep\n|turn|6\n|\n|t:|1634322078\n|switch|p1a: Toxapex|Toxapex, F|100\/100\n|move|p2a: Urshifu|Surging Strikes|p1a: Toxapex\n|-resisted|p1a: Toxapex\n|-crit|p1a: Toxapex\n|-damage|p1a: Toxapex|92\/100\n|-damage|p2a: Urshifu|61\/100|[from] item: Rocky Helmet|[of] p1a: Toxapex\n|-resisted|p1a: Toxapex\n|-crit|p1a: Toxapex\n|-damage|p1a: Toxapex|83\/100\n|-damage|p2a: Urshifu|45\/100|[from] item: Rocky Helmet|[of] p1a: Toxapex\n|-resisted|p1a: Toxapex\n|-crit|p1a: Toxapex\n|-damage|p1a: Toxapex|75\/100\n|-damage|p2a: Urshifu|29\/100|[from] item: Rocky Helmet|[of] p1a: Toxapex\n|-hitcount|p1a: Toxapex|3\n|\n|-end|p1a: Toxapex|move: Future Sight\n|-supereffective|p1a: Toxapex\n|-damage|p1a: Toxapex|7\/100\n|upkeep\n|turn|7\n|\n|t:|1634322097\n|switch|p1a: Buzzwole|Buzzwole|100\/100\n|move|p2a: Urshifu|Surging Strikes|p1a: Buzzwole\n|-crit|p1a: Buzzwole\n|-damage|p1a: Buzzwole|79\/100\n|-crit|p1a: Buzzwole\n|-damage|p1a: Buzzwole|59\/100\n|-crit|p1a: Buzzwole\n|-damage|p1a: Buzzwole|38\/100\n|-hitcount|p1a: Buzzwole|3\n|\n|upkeep\n|turn|8\n|\n|t:|1634322113\n|switch|p2a: Dragapult|Dragapult, F|89\/100 tox\n|switch|p1a: Toxapex|Toxapex, F|40\/100\n|\n|-damage|p2a: Dragapult|83\/100 tox|[from] psn\n|upkeep\n|turn|9\n|\n|t:|1634322116\n|switch|p1a: Corviknight|Corviknight, F|100\/100\n|-ability|p1a: Corviknight|Pressure\n|move|p2a: Dragapult|Shadow Ball|p1a: Corviknight\n|-damage|p1a: Corviknight|63\/100\n|\n|-heal|p1a: Corviknight|69\/100|[from] item: Leftovers\n|-damage|p2a: Dragapult|71\/100 tox|[from] psn\n|upkeep\n|turn|10\n|\n|t:|1634322121\n|switch|p2a: Heatran|Heatran, F|100\/100\n|move|p1a: Corviknight|U-turn|p2a: Heatran\n|-resisted|p2a: Heatran\n|-damage|p2a: Heatran|98\/100\n|\n|t:|1634322123\n|switch|p1a: Hippowdon|Hippowdon, F|100\/100|[from]move: U-turn\n|-weather|Sandstorm|[from] ability: Sand Stream|[of] p1a: Hippowdon\n|\n|-weather|Sandstorm|[upkeep]\n|-heal|p2a: Heatran|100\/100|[from] item: Leftovers\n|upkeep\n|turn|11\n|\n|t:|1634322132\n|switch|p2a: Slowbro|Slowbro, M, shiny|100\/100\n|move|p1a: Hippowdon|Earthquake|p2a: Slowbro\n|-damage|p2a: Slowbro|78\/100\n|\n|-weather|Sandstorm|[upkeep]\n|-damage|p2a: Slowbro|72\/100|[from] Sandstorm\n|upkeep\n|turn|12\n|\n|t:|1634322134\n|move|p1a: Hippowdon|Toxic|p2a: Slowbro\n|-status|p2a: Slowbro|tox\n|move|p2a: Slowbro|Future Sight|p1a: Hippowdon\n|-start|p2a: Slowbro|move: Future Sight\n|\n|-weather|Sandstorm|[upkeep]\n|-damage|p2a: Slowbro|65\/100 tox|[from] Sandstorm\n|-damage|p2a: Slowbro|59\/100 tox|[from] psn\n|upkeep\n|turn|13\n|\n|t:|1634322137\n|move|p1a: Hippowdon|Stealth Rock|p2a: Slowbro\n|-sidestart|p2: cump2|move: Stealth Rock\n|move|p2a: Slowbro|Teleport|p2a: Slowbro\n|\n|t:|1634322141\n|switch|p2a: Urshifu|Urshifu-Rapid-Strike, F, shiny|29\/100|[from]move: Teleport\n|-damage|p2a: Urshifu|22\/100|[from] Stealth Rock\n|\n|-weather|Sandstorm|[upkeep]\n|-damage|p2a: Urshifu|16\/100|[from] Sandstorm\n|upkeep\n|turn|14\n|\n|t:|1634322145\n|switch|p1a: Toxapex|Toxapex, F|73\/100\n|move|p2a: Urshifu|U-turn|p1a: Toxapex\n|-resisted|p1a: Toxapex\n|-damage|p1a: Toxapex|62\/100\n|-damage|p2a: Urshifu|0 fnt|[from] item: Rocky Helmet|[of] p1a: Toxapex\n|faint|p2a: Urshifu\n|\n|-weather|none\n|-end|p1a: Toxapex|move: Future Sight\n|-supereffective|p1a: Toxapex\n|-damage|p1a: Toxapex|0 fnt\n|faint|p1a: Toxapex\n|upkeep\n|\n|t:|1634322155\n|switch|p2a: Landorus|Landorus-Therian, M|100\/100\n|switch|p1a: Buzzwole|Buzzwole|38\/100\n|-damage|p2a: Landorus|88\/100|[from] Stealth Rock\n|-ability|p2a: Landorus|Intimidate|boost\n|-unboost|p1a: Buzzwole|atk|1\n|turn|15\n|\n|t:|1634322158\n|move|p1a: Buzzwole|Ice Punch|p2a: Landorus\n|-supereffective|p2a: Landorus\n|-damage|p2a: Landorus|0 fnt\n|faint|p2a: Landorus\n|-ability|p1a: Buzzwole|Beast Boost|boost\n|-boost|p1a: Buzzwole|atk|1\n|\n|upkeep\n|\n|t:|1634322164\n|switch|p2a: Slowbro|Slowbro, M, shiny|93\/100 tox\n|-damage|p2a: Slowbro|80\/100 tox|[from] Stealth Rock\n|turn|16\n|\n|t:|1634322167\n|move|p1a: Buzzwole|Roost|p1a: Buzzwole\n|-heal|p1a: Buzzwole|88\/100\n|-singleturn|p1a: Buzzwole|move: Roost\n|move|p2a: Slowbro|Future Sight|p1a: Buzzwole\n|-start|p2a: Slowbro|move: Future Sight\n|\n|-damage|p2a: Slowbro|74\/100 tox|[from] psn\n|upkeep\n|turn|17\n|\n|t:|1634322182\n|switch|p1a: Corviknight|Corviknight, F|69\/100\n|-ability|p1a: Corviknight|Pressure\n|move|p2a: Slowbro|Scald|p1a: Corviknight\n|-damage|p1a: Corviknight|50\/100\n|\n|-heal|p1a: Corviknight|56\/100|[from] item: Leftovers\n|-damage|p2a: Slowbro|62\/100 tox|[from] psn\n|upkeep\n|turn|18\n|\n|t:|1634322189\n|move|p1a: Corviknight|Roost|p1a: Corviknight\n|-heal|p1a: Corviknight|100\/100\n|-singleturn|p1a: Corviknight|move: Roost\n|move|p2a: Slowbro|Teleport|p2a: Slowbro\n|\n|t:|1634322192\n|switch|p2a: Heatran|Heatran, F|100\/100|[from]move: Teleport\n|-damage|p2a: Heatran|88\/100|[from] Stealth Rock\n|\n|-end|p1a: Corviknight|move: Future Sight\n|-resisted|p1a: Corviknight\n|-damage|p1a: Corviknight|86\/100\n|-heal|p2a: Heatran|94\/100|[from] item: Leftovers\n|-heal|p1a: Corviknight|92\/100|[from] item: Leftovers\n|upkeep\n|turn|19\n|\n|t:|1634322196\n|switch|p1a: Hippowdon|Hippowdon, F|100\/100\n|-weather|Sandstorm|[from] ability: Sand Stream|[of] p1a: Hippowdon\n|move|p2a: Heatran|Toxic|p1a: Hippowdon\n|-status|p1a: Hippowdon|tox\n|\n|-weather|Sandstorm|[upkeep]\n|-heal|p2a: Heatran|100\/100|[from] item: Leftovers\n|-damage|p1a: Hippowdon|94\/100 tox|[from] psn\n|upkeep\n|turn|20\n|\n|t:|1634322201\n|switch|p2a: Slowbro|Slowbro, M, shiny|95\/100 tox\n|-damage|p2a: Slowbro|83\/100 tox|[from] Stealth Rock\n|move|p1a: Hippowdon|Earthquake|p2a: Slowbro\n|-damage|p2a: Slowbro|60\/100 tox\n|\n|-weather|Sandstorm|[upkeep]\n|-damage|p2a: Slowbro|54\/100 tox|[from] Sandstorm\n|-heal|p1a: Hippowdon|100\/100 tox|[from] item: Leftovers\n|-damage|p1a: Hippowdon|88\/100 tox|[from] psn\n|-damage|p2a: Slowbro|48\/100 tox|[from] psn\n|upkeep\n|turn|21\n|\n|t:|1634322206\n|move|p1a: Hippowdon|Earthquake|p2a: Slowbro\n|-damage|p2a: Slowbro|24\/100 tox\n|move|p2a: Slowbro|Slack Off|p2a: Slowbro\n|-heal|p2a: Slowbro|74\/100 tox\n|\n|-weather|Sandstorm|[upkeep]\n|-damage|p2a: Slowbro|68\/100 tox|[from] Sandstorm\n|-heal|p1a: Hippowdon|94\/100 tox|[from] item: Leftovers\n|-damage|p1a: Hippowdon|76\/100 tox|[from] psn\n|-damage|p2a: Slowbro|56\/100 tox|[from] psn\n|upkeep\n|turn|22\n|\n|t:|1634322231\n|switch|p1a: Clefable|Clefable, F|100\/100\n|move|p2a: Slowbro|Teleport|p2a: Slowbro\n|\n|t:|1634322234\n|switch|p2a: Heatran|Heatran, F|100\/100|[from]move: Teleport\n|-damage|p2a: Heatran|88\/100|[from] Stealth Rock\n|\n|-weather|Sandstorm|[upkeep]\n|-heal|p2a: Heatran|94\/100|[from] item: Leftovers\n|upkeep\n|turn|23\n|\n|t:|1634322238\n|move|p2a: Heatran|Magma Storm|p1a: Clefable\n|-damage|p1a: Clefable|64\/100\n|-activate|p1a: Clefable|move: Magma Storm|[of] p2a: Heatran\n|move|p1a: Clefable|Trick|p2a: Heatran\n|-activate|p1a: Clefable|move: Trick|[of] p2a: Heatran\n|-item|p2a: Heatran|Sticky Barb|[from] move: Trick\n|-item|p1a: Clefable|Leftovers|[from] move: Trick\n|\n|-weather|none\n|-heal|p1a: Clefable|71\/100|[from] item: Leftovers\n|-damage|p2a: Heatran|82\/100|[from] item: Sticky Barb\n|upkeep\n|turn|24\n|\n|t:|1634322262\n|move|p2a: Heatran|Magma Storm|p1a: Clefable\n|-damage|p1a: Clefable|38\/100\n|move|p1a: Clefable|Soft-Boiled|p1a: Clefable\n|-heal|p1a: Clefable|88\/100\n|\n|-heal|p1a: Clefable|94\/100|[from] item: Leftovers\n|-damage|p2a: Heatran|69\/100|[from] item: Sticky Barb\n|upkeep\n|turn|25\n|\n|t:|1634322266\n|switch|p2a: Slowbro|Slowbro, M, shiny|89\/100 tox\n|-damage|p2a: Slowbro|76\/100 tox|[from] Stealth Rock\n|move|p1a: Clefable|Moonblast|p2a: Slowbro\n|-damage|p2a: Slowbro|44\/100 tox\n|-unboost|p2a: Slowbro|spa|1\n|\n|-heal|p1a: Clefable|99\/100|[from] item: Leftovers\n|-damage|p2a: Slowbro|38\/100 tox|[from] psn\n|-end|p1a: Clefable|Magma Storm|[partiallytrapped]|[silent]\n|upkeep\n|turn|26\n|-message|cump2 forfeited.\n|\n|win|Ava<3\n|raw|Ava&lt;3's rating: 1592 &rarr; <strong>1615<\/strong><br \/>(+23 for winning)\n|raw|cump2's rating: 1640 &rarr; <strong>1617<\/strong><br \/>(-23 for losing)\n|l|\u2606cump2\n||Ladder isn't responding, score probably updated but might not have (Request timeout).\n","uploadtime":1634322281,"views":34,"p1id":"ava3","p2id":"cump2","formatid":"gen8ou","rating":1615,"private":0,"password":null}