{"id":"gen8ou-1606791944","p1":"mbetta1","p2":"Down$hift","format":"gen8ou","log":"|j|\u2606mbetta1\n|j|\u2606Down$hift\n|t:|1656519945\n|gametype|singles\n|player|p1|mbetta1|hilbert|1700\n|player|p2|Down$hift|teamrocket|1824\n|teamsize|p1|6\n|teamsize|p2|6\n|gen|8\n|tier|[Gen 8] OU\n|rated|\n|rule|Sleep Clause Mod: Limit one foe put to sleep\n|rule|Species Clause: Limit one of each Pok\u00e9mon\n|rule|OHKO Clause: OHKO moves are banned\n|rule|Evasion Moves Clause: Evasion moves are banned\n|rule|Endless Battle Clause: Forcing endless battles is banned\n|rule|HP Percentage Mod: HP is shown in percentages\n|rule|Dynamax Clause: You cannot dynamax\n|clearpoke\n|poke|p1|Dragapult, F|\n|poke|p1|Garchomp, M|\n|poke|p1|Rillaboom, M|\n|poke|p1|Zeraora|\n|poke|p1|Blaziken, M|\n|poke|p1|Tapu Lele|\n|poke|p2|Magnezone|\n|poke|p2|Volcarona, M|\n|poke|p2|Clefable, M|\n|poke|p2|Tornadus-Therian, M|\n|poke|p2|Toxapex, F|\n|poke|p2|Landorus-Therian, M|\n|teampreview\n|j| imzosi\n|c|\u2606Down$hift|hf\n|j| Ran Kob\n|l| Ran Kob\n|\n|t:|1656520021\n|start\n|switch|p1a: Garchomp|Garchomp, M|100\/100\n|switch|p2a: LandOUrus-T|Landorus-Therian, M|100\/100\n|-ability|p2a: LandOUrus-T|Intimidate|boost\n|-unboost|p1a: Garchomp|atk|1\n|turn|1\n|\n|t:|1656520030\n|switch|p2a: Pink Menace|Clefable, M|100\/100\n|move|p1a: Garchomp|Stealth Rock|p2a: Pink Menace\n|-sidestart|p2: Down$hift|move: Stealth Rock\n|\n|upkeep\n|turn|2\n|\n|t:|1656520044\n|switch|p1a: Rillaboom|Rillaboom, M|100\/100\n|-fieldstart|move: Grassy Terrain|[from] ability: Grassy Surge|[of] p1a: Rillaboom\n|move|p2a: Pink Menace|Stealth Rock|p1a: Rillaboom\n|-sidestart|p1: mbetta1|move: Stealth Rock\n|\n|upkeep\n|turn|3\n|\n|t:|1656520064\n|switch|p2a: Torn Anus|Tornadus-Therian, M|100\/100\n|move|p1a: Rillaboom|Knock Off|p2a: Torn Anus\n|-damage|p2a: Torn Anus|50\/100\n|-enditem|p2a: Torn Anus|Heavy-Duty Boots|[from] move: Knock Off|[of] p1a: Rillaboom\n|-damage|p1a: Rillaboom|91\/100|[from] item: Life Orb\n|\n|-heal|p1a: Rillaboom|97\/100|[from] Grassy Terrain\n|upkeep\n|turn|4\n|\n|t:|1656520090\n|switch|p1a: Garchomp|Garchomp, M|100\/100\n|-damage|p1a: Garchomp|94\/100|[from] Stealth Rock\n|move|p2a: Torn Anus|Hurricane|p1a: Garchomp\n|-damage|p1a: Garchomp|45\/100\n|-start|p1a: Garchomp|confusion\n|\n|-heal|p1a: Garchomp|51\/100|[from] Grassy Terrain\n|upkeep\n|turn|5\n|\n|t:|1656520099\n|move|p2a: Torn Anus|Taunt|p1a: Garchomp\n|-start|p1a: Garchomp|move: Taunt\n|-activate|p1a: Garchomp|confusion\n|move|p1a: Garchomp|Dragon Claw|p2a: Torn Anus\n|-damage|p2a: Torn Anus|2\/100\n|\n|-heal|p1a: Garchomp|58\/100|[from] Grassy Terrain\n|upkeep\n|turn|6\n|\n|t:|1656520110\n|switch|p2a: Pink Menace|Clefable, M|100\/100\n|-activate|p1a: Garchomp|confusion\n|move|p1a: Garchomp|Dragon Claw|p2a: Pink Menace\n|-immune|p2a: Pink Menace\n|\n|-heal|p1a: Garchomp|64\/100|[from] Grassy Terrain\n|-fieldend|move: Grassy Terrain\n|upkeep\n|turn|7\n|\n|t:|1656520118\n|-end|p1a: Garchomp|confusion\n|move|p1a: Garchomp|Earthquake|p2a: Pink Menace\n|-damage|p2a: Pink Menace|62\/100\n|move|p2a: Pink Menace|Wish|p2a: Pink Menace\n|\n|-end|p1a: Garchomp|move: Taunt\n|upkeep\n|turn|8\n|\n|t:|1656520124\n|move|p1a: Garchomp|Earthquake|p2a: Pink Menace\n|-damage|p2a: Pink Menace|21\/100\n|move|p2a: Pink Menace|Moonblast|p1a: Garchomp\n|-supereffective|p1a: Garchomp\n|-damage|p1a: Garchomp|0 fnt\n|faint|p1a: Garchomp\n|\n|-heal|p2a: Pink Menace|71\/100|[from] move: Wish|[wisher] Pink Menace\n|upkeep\n|inactive|Battle timer is ON: inactive players will automatically lose when time's up. (requested by Down$hift)\n|\n|t:|1656520172\n|switch|p1a: Rillaboom|Rillaboom, M|97\/100\n|-damage|p1a: Rillaboom|84\/100|[from] Stealth Rock\n|-fieldstart|move: Grassy Terrain|[from] ability: Grassy Surge|[of] p1a: Rillaboom\n|turn|9\n|j| Ragnnis\n|\n|t:|1656520180\n|move|p1a: Rillaboom|Swords Dance|p1a: Rillaboom\n|-boost|p1a: Rillaboom|atk|2\n|move|p2a: Pink Menace|Moonblast|p1a: Rillaboom\n|-damage|p1a: Rillaboom|47\/100\n|\n|-heal|p1a: Rillaboom|53\/100|[from] Grassy Terrain\n|-heal|p2a: Pink Menace|77\/100|[from] Grassy Terrain\n|upkeep\n|turn|10\n|\n|t:|1656520189\n|switch|p2a: Torn Anus|Tornadus-Therian, M|35\/100\n|-damage|p2a: Torn Anus|10\/100|[from] Stealth Rock\n|move|p1a: Rillaboom|Grassy Glide|p2a: Torn Anus\n|-resisted|p2a: Torn Anus\n|-damage|p2a: Torn Anus|0 fnt\n|faint|p2a: Torn Anus\n|-damage|p1a: Rillaboom|43\/100|[from] item: Life Orb\n|\n|-heal|p1a: Rillaboom|49\/100|[from] Grassy Terrain\n|upkeep\n|\n|t:|1656520191\n|switch|p2a: Pandemic|Volcarona, M|100\/100\n|turn|11\n|\n|t:|1656520195\n|move|p2a: Pandemic|Flamethrower|p1a: Rillaboom\n|-supereffective|p1a: Rillaboom\n|-crit|p1a: Rillaboom\n|-damage|p1a: Rillaboom|0 fnt\n|faint|p1a: Rillaboom\n|\n|upkeep\n|\n|t:|1656520205\n|switch|p1a: Dragapult|Dragapult, F|100\/100\n|-damage|p1a: Dragapult|88\/100|[from] Stealth Rock\n|turn|12\n|\n|t:|1656520213\n|switch|p2a: Pr\u00e9dast\u00e9rie|Toxapex, F|100\/100\n|-damage|p2a: Pr\u00e9dast\u00e9rie|88\/100|[from] Stealth Rock\n|move|p1a: Dragapult|Scald|p2a: Pr\u00e9dast\u00e9rie\n|-resisted|p2a: Pr\u00e9dast\u00e9rie\n|-damage|p2a: Pr\u00e9dast\u00e9rie|78\/100\n|-enditem|p2a: Pr\u00e9dast\u00e9rie|Eject Button\n|-damage|p1a: Dragapult|78\/100|[from] item: Life Orb\n|inactive|Down$hift has 120 seconds left.\n|\n|t:|1656520257\n|switch|p2a: Pink Menace|Clefable, M|77\/100\n|\n|-heal|p1a: Dragapult|84\/100|[from] Grassy Terrain\n|-heal|p2a: Pink Menace|83\/100|[from] Grassy Terrain\n|upkeep\n|turn|13\n|\n|t:|1656520276\n|switch|p1a: Tapu Lele|Tapu Lele|100\/100\n|-damage|p1a: Tapu Lele|88\/100|[from] Stealth Rock\n|-fieldstart|move: Psychic Terrain|[from] ability: Psychic Surge|[of] p1a: Tapu Lele\n|move|p2a: Pink Menace|Moonblast|p1a: Tapu Lele\n|-damage|p1a: Tapu Lele|54\/100\n|\n|upkeep\n|turn|14\n|inactive|Down$hift has 120 seconds left.\n|\n|t:|1656520285\n|switch|p2a: $wagnezone|Magnezone|100\/100\n|-damage|p2a: $wagnezone|94\/100|[from] Stealth Rock\n|move|p1a: Tapu Lele|Psychic|p2a: $wagnezone\n|-resisted|p2a: $wagnezone\n|-damage|p2a: $wagnezone|71\/100\n|\n|upkeep\n|turn|15\n|\n|t:|1656520304\n|switch|p1a: Zeraora|Zeraora|100\/100\n|-damage|p1a: Zeraora|88\/100|[from] Stealth Rock\n|move|p2a: $wagnezone|Flash Cannon|p1a: Zeraora\n|-resisted|p1a: Zeraora\n|-damage|p1a: Zeraora|63\/100\n|\n|upkeep\n|turn|16\n|\n|t:|1656520324\n|switch|p2a: Pink Menace|Clefable, M|83\/100\n|move|p1a: Zeraora|Knock Off|p2a: Pink Menace\n|-resisted|p2a: Pink Menace\n|-damage|p2a: Pink Menace|69\/100\n|-damage|p1a: Zeraora|47\/100|[from] item: Rocky Helmet|[of] p2a: Pink Menace\n|-enditem|p2a: Pink Menace|Rocky Helmet|[from] move: Knock Off|[of] p1a: Zeraora\n|-damage|p1a: Zeraora|37\/100|[from] item: Life Orb\n|\n|upkeep\n|turn|17\n|\n|t:|1656520331\n|move|p1a: Zeraora|Plasma Fists|p2a: Pink Menace\n|-damage|p2a: Pink Menace|21\/100\n|-fieldactivate|move: Ion Deluge\n|-hint|Normal-type moves become Electric-type after using Plasma Fists.\n|-damage|p1a: Zeraora|27\/100|[from] item: Life Orb\n|move|p2a: Pink Menace|Moonblast|p1a: Zeraora\n|-damage|p1a: Zeraora|0 fnt\n|faint|p1a: Zeraora\n|\n|-fieldend|move: Psychic Terrain\n|upkeep\n|\n|t:|1656520350\n|switch|p1a: Dragapult|Dragapult, F|84\/100\n|-damage|p1a: Dragapult|72\/100|[from] Stealth Rock\n|turn|18\n|\n|t:|1656520356\n|move|p1a: Dragapult|Shadow Ball|p2a: Pink Menace\n|-damage|p2a: Pink Menace|0 fnt\n|faint|p2a: Pink Menace\n|-damage|p1a: Dragapult|62\/100|[from] item: Life Orb\n|\n|upkeep\n|\n|t:|1656520360\n|switch|p2a: LandOUrus-T|Landorus-Therian, M|100\/100\n|-damage|p2a: LandOUrus-T|88\/100|[from] Stealth Rock\n|-ability|p2a: LandOUrus-T|Intimidate|boost\n|-unboost|p1a: Dragapult|atk|1\n|turn|19\n|inactive|mbetta1 has 120 seconds left.\n|\n|t:|1656520391\n|move|p2a: LandOUrus-T|Earthquake|p1a: Dragapult\n|-damage|p1a: Dragapult|0 fnt\n|faint|p1a: Dragapult\n|\n|upkeep\n|-message|mbetta1 forfeited.\n|\n|win|Down$hift\n|raw|mbetta1's rating: 1700 &rarr; <strong>1687<\/strong><br \/>(-13 for losing)\n|raw|Down$hift's rating: 1824 &rarr; <strong>1837<\/strong><br \/>(+13 for winning)\n|l|\u2606mbetta1\n|l| imzosi\n||Ladder isn't responding, score probably updated but might not have (Request timeout).\n|l|\u2606Down$hift\n|j|\u2606Down$hift\n|player|p2|Down$hift|teamrocket\n|l| Ragnnis\n","uploadtime":1656520898,"views":76,"p1id":"mbetta1","p2id":"downhift","formatid":"gen8ou","rating":1687,"private":0,"password":null}