{"id":"gen8ou-1655708874","p1":"juifjacob","p2":"El Stefano","format":"gen8ou","log":"|j|\u2606juifjacob\n|j|\u2606El Stefano\n|t:|1662274326\n|gametype|singles\n|player|p1|juifjacob|266|1590\n|player|p2|El Stefano|102|1742\n|teamsize|p1|6\n|teamsize|p2|6\n|gen|8\n|tier|[Gen 8] OU\n|rated|\n|rule|Sleep Clause Mod: Limit one foe put to sleep\n|rule|Species Clause: Limit one of each Pok\u00e9mon\n|rule|OHKO Clause: OHKO moves are banned\n|rule|Evasion Items Clause: Evasion items are banned\n|rule|Evasion Moves Clause: Evasion moves are banned\n|rule|Endless Battle Clause: Forcing endless battles is banned\n|rule|HP Percentage Mod: HP is shown in percentages\n|rule|Dynamax Clause: You cannot dynamax\n|clearpoke\n|poke|p1|Pelipper, F|\n|poke|p1|Ferrothorn, M|\n|poke|p1|Zapdos|\n|poke|p1|Barraskewda, F|\n|poke|p1|Crawdaunt, F|\n|poke|p1|Seismitoad, M|\n|poke|p2|Zeraora|\n|poke|p2|Toxapex, M|\n|poke|p2|Terrakion|\n|poke|p2|Garchomp, F|\n|poke|p2|Corviknight, M|\n|poke|p2|Dragapult, F|\n|teampreview\n|\n|t:|1662274347\n|start\n|switch|p1a: Ferrothorn|Ferrothorn, M|100\/100\n|switch|p2a: Garchomp|Garchomp, F|100\/100\n|turn|1\n|\n|t:|1662274355\n|move|p2a: Garchomp|Stealth Rock|p1a: Ferrothorn\n|-sidestart|p1: juifjacob|move: Stealth Rock\n|move|p1a: Ferrothorn|Leech Seed|p2a: Garchomp\n|-start|p2a: Garchomp|move: Leech Seed\n|\n|-damage|p2a: Garchomp|88\/100|[from] Leech Seed|[of] p1a: Ferrothorn\n|upkeep\n|turn|2\n|\n|t:|1662274364\n|move|p2a: Garchomp|Swords Dance|p2a: Garchomp\n|-boost|p2a: Garchomp|atk|2\n|move|p1a: Ferrothorn|Stealth Rock|p2a: Garchomp\n|-sidestart|p2: El Stefano|move: Stealth Rock\n|\n|-damage|p2a: Garchomp|76\/100|[from] Leech Seed|[of] p1a: Ferrothorn\n|upkeep\n|turn|3\n|\n|t:|1662274370\n|move|p2a: Garchomp|Earthquake|p1a: Ferrothorn\n|-damage|p1a: Ferrothorn|28\/100\n|-damage|p2a: Garchomp|66\/100|[from] item: Life Orb\n|move|p1a: Ferrothorn|Knock Off|p2a: Garchomp\n|-damage|p2a: Garchomp|43\/100\n|-damage|p1a: Ferrothorn|16\/100|[from] ability: Rough Skin|[of] p2a: Garchomp\n|-enditem|p2a: Garchomp|Life Orb|[from] move: Knock Off|[of] p1a: Ferrothorn\n|\n|-damage|p2a: Garchomp|30\/100|[from] Leech Seed|[of] p1a: Ferrothorn\n|-heal|p1a: Ferrothorn|28\/100|[silent]\n|upkeep\n|turn|4\n|\n|t:|1662274391\n|move|p2a: Garchomp|Scale Shot|p1a: Ferrothorn|[miss]\n|-miss|p2a: Garchomp|p1a: Ferrothorn\n|move|p1a: Ferrothorn|Gyro Ball|p2a: Garchomp\n|-damage|p2a: Garchomp|0 fnt\n|-damage|p1a: Ferrothorn|16\/100|[from] ability: Rough Skin|[of] p2a: Garchomp\n|faint|p2a: Garchomp\n|\n|upkeep\n|\n|t:|1662274418\n|switch|p2a: Terrakion|Terrakion|100\/100\n|-damage|p2a: Terrakion|94\/100|[from] Stealth Rock\n|turn|5\n|\n|t:|1662274423\n|move|p2a: Terrakion|Close Combat|p1a: Ferrothorn\n|-supereffective|p1a: Ferrothorn\n|-damage|p1a: Ferrothorn|0 fnt\n|-unboost|p2a: Terrakion|def|1\n|-unboost|p2a: Terrakion|spd|1\n|-damage|p2a: Terrakion|82\/100|[from] ability: Iron Barbs|[of] p1a: Ferrothorn\n|-damage|p2a: Terrakion|66\/100|[from] item: Rocky Helmet|[of] p1a: Ferrothorn\n|faint|p1a: Ferrothorn\n|-damage|p2a: Terrakion|56\/100|[from] item: Life Orb\n|\n|upkeep\n|\n|t:|1662274443\n|switch|p1a: Pelipper|Pelipper, F|100\/100\n|-damage|p1a: Pelipper|76\/100|[from] Stealth Rock\n|-weather|RainDance|[from] ability: Drizzle|[of] p1a: Pelipper\n|turn|6\n|\n|t:|1662274468\n|switch|p1a: Seismitoad|Seismitoad, M|100\/100\n|-damage|p1a: Seismitoad|95\/100|[from] Stealth Rock\n|move|p2a: Terrakion|Close Combat|p1a: Seismitoad\n|-damage|p1a: Seismitoad|0 fnt\n|-unboost|p2a: Terrakion|def|1\n|-unboost|p2a: Terrakion|spd|1\n|faint|p1a: Seismitoad\n|-damage|p2a: Terrakion|46\/100|[from] item: Life Orb\n|\n|-weather|RainDance|[upkeep]\n|upkeep\n|\n|t:|1662274480\n|switch|p1a: Barraskewda|Barraskewda, F|100\/100\n|-damage|p1a: Barraskewda|88\/100|[from] Stealth Rock\n|turn|7\n|\n|t:|1662274486\n|switch|p2a: Toxapex|Toxapex, M|100\/100\n|-damage|p2a: Toxapex|88\/100|[from] Stealth Rock\n|move|p1a: Barraskewda|Flip Turn|p2a: Toxapex\n|-resisted|p2a: Toxapex\n|-damage|p2a: Toxapex|65\/100\n|-damage|p1a: Barraskewda|72\/100|[from] item: Rocky Helmet|[of] p2a: Toxapex\n|\n|t:|1662274494\n|switch|p1a: Crawdaunt|Crawdaunt, F|100\/100|[from]move: Flip Turn\n|-damage|p1a: Crawdaunt|88\/100|[from] Stealth Rock\n|\n|-weather|RainDance|[upkeep]\n|upkeep\n|turn|8\n|\n|t:|1662274512\n|switch|p2a: Corviknight|Corviknight, M|100\/100\n|-damage|p2a: Corviknight|88\/100|[from] Stealth Rock\n|-ability|p2a: Corviknight|Pressure\n|move|p1a: Crawdaunt|Swords Dance|p1a: Crawdaunt\n|-boost|p1a: Crawdaunt|atk|2\n|\n|-weather|RainDance|[upkeep]\n|-heal|p2a: Corviknight|94\/100|[from] item: Leftovers\n|upkeep\n|turn|9\n|\n|t:|1662274523\n|move|p1a: Crawdaunt|Crabhammer|p2a: Corviknight\n|-damage|p2a: Corviknight|0 fnt\n|faint|p2a: Corviknight\n|-damage|p1a: Crawdaunt|78\/100|[from] item: Life Orb\n|\n|-weather|RainDance|[upkeep]\n|upkeep\n|\n|t:|1662274531\n|switch|p2a: Dragapult|Dragapult, F|100\/100\n|-damage|p2a: Dragapult|88\/100|[from] Stealth Rock\n|turn|10\n|\n|t:|1662274542\n|move|p1a: Crawdaunt|Aqua Jet|p2a: Dragapult\n|-resisted|p2a: Dragapult\n|-damage|p2a: Dragapult|7\/100\n|-damage|p1a: Crawdaunt|69\/100|[from] item: Life Orb\n|move|p2a: Dragapult|Dragon Darts|p1a: Crawdaunt\n|-damage|p1a: Crawdaunt|29\/100\n|-anim|p2a: Dragapult|Dragon Darts|p1a: Crawdaunt\n|-damage|p1a: Crawdaunt|0 fnt\n|faint|p1a: Crawdaunt\n|\n|-weather|RainDance|[upkeep]\n|upkeep\n|\n|t:|1662274552\n|switch|p1a: Barraskewda|Barraskewda, F|72\/100\n|-damage|p1a: Barraskewda|60\/100|[from] Stealth Rock\n|turn|11\n|\n|t:|1662274563\n|move|p2a: Dragapult|Sucker Punch|p1a: Barraskewda\n|-damage|p1a: Barraskewda|13\/100\n|move|p1a: Barraskewda|Flip Turn|p2a: Dragapult\n|-resisted|p2a: Dragapult\n|-damage|p2a: Dragapult|0 fnt\n|faint|p2a: Dragapult\n|j| Irene Belserion\n|\n|t:|1662274575\n|switch|p1a: Zapdos|Zapdos|100\/100|[from]move: Flip Turn\n|\n|-weather|RainDance|[upkeep]\n|upkeep\n|\n|t:|1662274594\n|switch|p2a: Terrakion|Terrakion|46\/100\n|-damage|p2a: Terrakion|40\/100|[from] Stealth Rock\n|turn|12\n|\n|t:|1662274599\n|move|p1a: Zapdos|Weather Ball|p2a: Terrakion\n|-supereffective|p2a: Terrakion\n|-damage|p2a: Terrakion|0 fnt\n|faint|p2a: Terrakion\n|\n|-weather|RainDance|[upkeep]\n|upkeep\n|\n|t:|1662274607\n|switch|p2a: Zeraora|Zeraora|100\/100\n|-damage|p2a: Zeraora|88\/100|[from] Stealth Rock\n|turn|13\n|\n|t:|1662274615\n|switch|p2a: Toxapex|Toxapex, M|98\/100\n|-damage|p2a: Toxapex|86\/100|[from] Stealth Rock\n|move|p1a: Zapdos|Weather Ball|p2a: Toxapex\n|-resisted|p2a: Toxapex\n|-damage|p2a: Toxapex|65\/100\n|\n|-weather|none\n|upkeep\n|turn|14\n|\n|t:|1662274628\n|switch|p1a: Pelipper|Pelipper, F|76\/100\n|-damage|p1a: Pelipper|51\/100|[from] Stealth Rock\n|-weather|RainDance|[from] ability: Drizzle|[of] p1a: Pelipper\n|switch|p2a: Zeraora|Zeraora|88\/100\n|-damage|p2a: Zeraora|76\/100|[from] Stealth Rock\n|\n|-weather|RainDance|[upkeep]\n|-heal|p2a: Zeraora|82\/100|[from] item: Leftovers\n|upkeep\n|turn|15\n|\n|t:|1662274663\n|move|p2a: Zeraora|Plasma Fists|p1a: Pelipper\n|-supereffective|p1a: Pelipper\n|-damage|p1a: Pelipper|0 fnt\n|-fieldactivate|move: Ion Deluge\n|-hint|Normal-type moves become Electric-type after using Plasma Fists.\n|faint|p1a: Pelipper\n|\n|-weather|RainDance|[upkeep]\n|-heal|p2a: Zeraora|88\/100|[from] item: Leftovers\n|upkeep\n|\n|t:|1662274672\n|switch|p1a: Zapdos|Zapdos|100\/100\n|turn|16\n|\n|t:|1662274677\n|move|p2a: Zeraora|Plasma Fists|p1a: Zapdos\n|-damage|p1a: Zapdos|44\/100\n|-fieldactivate|move: Ion Deluge\n|-hint|Normal-type moves become Electric-type after using Plasma Fists.\n|move|p1a: Zapdos|Weather Ball|p2a: Zeraora\n|-damage|p2a: Zeraora|21\/100\n|\n|-weather|RainDance|[upkeep]\n|-heal|p2a: Zeraora|27\/100|[from] item: Leftovers\n|upkeep\n|turn|17\n|\n|t:|1662274698\n|move|p2a: Zeraora|Plasma Fists|p1a: Zapdos\n|-damage|p1a: Zapdos|0 fnt\n|-fieldactivate|move: Ion Deluge\n|-hint|Normal-type moves become Electric-type after using Plasma Fists.\n|faint|p1a: Zapdos\n|\n|-weather|RainDance|[upkeep]\n|-heal|p2a: Zeraora|33\/100|[from] item: Leftovers\n|upkeep\n|\n|t:|1662274705\n|switch|p1a: Barraskewda|Barraskewda, F|13\/100\n|-damage|p1a: Barraskewda|0 fnt|[from] Stealth Rock\n|faint|p1a: Barraskewda\n|\n|win|El Stefano\n|raw|juifjacob's rating: 1590 &rarr; <strong>1578<\/strong><br \/>(-12 for losing)\n|raw|El Stefano's rating: 1742 &rarr; <strong>1754<\/strong><br \/>(+12 for winning)\n|l|\u2606juifjacob\n","uploadtime":1662274715,"views":14,"p1id":"juifjacob","p2id":"elstefano","formatid":"gen8ou","rating":1578,"private":0,"password":null}