{"id":"gen8ou-1216852106","p1":"Draco09876","p2":"MALEGUY","format":"gen8ou","log":"|j|\u2606Draco09876\n|j|\u2606MALEGUY\n|t:|1604544998\n|player|p1|Draco09876|2|1511\n|player|p2|MALEGUY|swimmerf-gen4|1506\n|teamsize|p1|6\n|teamsize|p2|6\n|gametype|singles\n|gen|8\n|tier|[Gen 8] OU\n|rated|\n|clearpoke\n|poke|p1|Heatran, M|\n|poke|p1|Mandibuzz, F|\n|poke|p1|Scizor, M|\n|poke|p1|Pheromosa|\n|poke|p1|Tapu Koko|\n|poke|p1|Urshifu-*, F|\n|poke|p2|Volcarona, F|\n|poke|p2|Kartana|\n|poke|p2|Swampert, F|\n|poke|p2|Tapu Fini|\n|poke|p2|Thundurus-Therian, M|\n|poke|p2|Melmetal|\n|rule|Sleep Clause Mod: Limit one foe put to sleep\n|rule|Species Clause: Limit one of each Pok\u00e9mon\n|rule|OHKO Clause: OHKO moves are banned\n|rule|Evasion Moves Clause: Evasion moves are banned\n|rule|Endless Battle Clause: Forcing endless battles is banned\n|rule|HP Percentage Mod: HP is shown in percentages\n|rule|Dynamax Clause: You cannot dynamax\n|teampreview\n|inactive|Battle timer is ON: inactive players will automatically lose when time's up. (requested by MALEGUY)\n|\n|t:|1604545013\n|start\n|switch|p1a: Tapu Koko|Tapu Koko|100\/100\n|switch|p2a: Your EX|Swampert, F|100\/100\n|-fieldstart|move: Electric Terrain|[from] ability: Electric Surge|[of] p1a: Tapu Koko\n|turn|1\n|\n|t:|1604545019\n|move|p1a: Tapu Koko|Grass Knot|p2a: Your EX\n|-supereffective|p2a: Your EX\n|-damage|p2a: Your EX|0 fnt\n|faint|p2a: Your EX\n|\n|upkeep\n|\n|t:|1604545023\n|switch|p2a: IronWhORE|Melmetal|100\/100\n|turn|2\n|\n|t:|1604545030\n|switch|p1a: Mandibuzz|Mandibuzz, F|100\/100\n|move|p2a: IronWhORE|Earthquake|p1a: Mandibuzz\n|-immune|p1a: Mandibuzz\n|\n|upkeep\n|turn|3\n|\n|t:|1604545036\n|switch|p2a: Bill Cosby|Thundurus-Therian, M|100\/100\n|move|p1a: Mandibuzz|Knock Off|p2a: Bill Cosby\n|-damage|p2a: Bill Cosby|65\/100\n|-enditem|p2a: Bill Cosby|Choice Scarf|[from] move: Knock Off|[of] p1a: Mandibuzz\n|\n|upkeep\n|turn|4\n|\n|t:|1604545045\n|switch|p1a: Heatran|Heatran, M|100\/100\n|move|p2a: Bill Cosby|Volt Switch|p1a: Heatran\n|-damage|p1a: Heatran|76\/100\n|\n|t:|1604545051\n|switch|p2a: SexyLegs|Kartana|100\/100|[from]move: Volt Switch\n|\n|-heal|p1a: Heatran|83\/100|[from] item: Leftovers\n|upkeep\n|turn|5\n|\n|t:|1604545057\n|move|p2a: SexyLegs|Sacred Sword|p1a: Heatran\n|-supereffective|p1a: Heatran\n|-damage|p1a: Heatran|10\/100\n|move|p1a: Heatran|Magma Storm|p2a: SexyLegs\n|-supereffective|p2a: SexyLegs\n|-damage|p2a: SexyLegs|0 fnt\n|faint|p2a: SexyLegs\n|\n|-heal|p1a: Heatran|16\/100|[from] item: Leftovers\n|-fieldend|move: Electric Terrain\n|upkeep\n|\n|t:|1604545063\n|switch|p2a: Bill Cosby|Thundurus-Therian, M|65\/100\n|turn|6\n|\n|t:|1604545074\n|switch|p1a: Scizor|Scizor, M|100\/100\n|move|p2a: Bill Cosby|Volt Switch|p1a: Scizor\n|-damage|p1a: Scizor|68\/100\n|\n|t:|1604545085\n|switch|p2a: BugsAreHot|Volcarona, F|100\/100|[from]move: Volt Switch\n|\n|upkeep\n|turn|7\n|\n|t:|1604545091\n|move|p2a: BugsAreHot|Quiver Dance|p2a: BugsAreHot\n|-boost|p2a: BugsAreHot|spa|1\n|-boost|p2a: BugsAreHot|spd|1\n|-boost|p2a: BugsAreHot|spe|1\n|move|p1a: Scizor|Aerial Ace|p2a: BugsAreHot\n|-supereffective|p2a: BugsAreHot\n|-damage|p2a: BugsAreHot|14\/100\n|\n|upkeep\n|turn|8\n|\n|t:|1604545100\n|move|p1a: Scizor|Bullet Punch|p2a: BugsAreHot\n|-resisted|p2a: BugsAreHot\n|-damage|p2a: BugsAreHot|0 fnt\n|-status|p1a: Scizor|brn|[from] ability: Flame Body|[of] p2a: BugsAreHot\n|faint|p2a: BugsAreHot\n|\n|-damage|p1a: Scizor|62\/100 brn|[from] brn\n|upkeep\n|\n|t:|1604545106\n|switch|p2a: IronWhORE|Melmetal|100\/100\n|turn|9\n|\n|t:|1604545117\n|switch|p1a: Mandibuzz|Mandibuzz, F|100\/100\n|move|p2a: IronWhORE|Thunder Punch|p1a: Mandibuzz\n|-supereffective|p1a: Mandibuzz\n|-damage|p1a: Mandibuzz|34\/100\n|-damage|p2a: IronWhORE|84\/100|[from] item: Rocky Helmet|[of] p1a: Mandibuzz\n|\n|upkeep\n|turn|10\n|\n|t:|1604545124\n|move|p1a: Mandibuzz|Knock Off|p2a: IronWhORE\n|-damage|p2a: IronWhORE|71\/100\n|-enditem|p2a: IronWhORE|Choice Band|[from] move: Knock Off|[of] p1a: Mandibuzz\n|move|p2a: IronWhORE|Thunder Punch|p1a: Mandibuzz\n|-supereffective|p1a: Mandibuzz\n|-damage|p1a: Mandibuzz|0 fnt\n|-damage|p2a: IronWhORE|54\/100|[from] item: Rocky Helmet|[of] p1a: Mandibuzz\n|faint|p1a: Mandibuzz\n|\n|upkeep\n|\n|t:|1604545137\n|switch|p1a: Urshifu|Urshifu, F|100\/100\n|turn|11\n|\n|t:|1604545144\n|move|p1a: Urshifu|Wicked Blow|p2a: IronWhORE\n|-crit|p2a: IronWhORE\n|-damage|p2a: IronWhORE|10\/100\n|-damage|p1a: Urshifu|91\/100|[from] item: Life Orb\n|move|p2a: IronWhORE|Superpower|p1a: Urshifu\n|-supereffective|p1a: Urshifu\n|-damage|p1a: Urshifu|0 fnt\n|-unboost|p2a: IronWhORE|atk|1\n|-unboost|p2a: IronWhORE|def|1\n|faint|p1a: Urshifu\n|\n|upkeep\n|\n|t:|1604545150\n|switch|p1a: Pheromosa|Pheromosa|100\/100\n|turn|12\n|\n|t:|1604545154\n|move|p1a: Pheromosa|Ice Beam|p2a: IronWhORE\n|-resisted|p2a: IronWhORE\n|-damage|p2a: IronWhORE|0 fnt\n|faint|p2a: IronWhORE\n|-ability|p1a: Pheromosa|Beast Boost|boost\n|-boost|p1a: Pheromosa|spe|1\n|\n|upkeep\n|\n|t:|1604545158\n|switch|p2a: SpankMeDaddy|Tapu Fini|100\/100\n|-fieldstart|move: Misty Terrain|[from] ability: Misty Surge|[of] p2a: SpankMeDaddy\n|turn|13\n|\n|t:|1604545162\n|move|p1a: Pheromosa|Poison Jab|p2a: SpankMeDaddy\n|-supereffective|p2a: SpankMeDaddy\n|-damage|p2a: SpankMeDaddy|49\/100\n|move|p2a: SpankMeDaddy|Moonblast|p1a: Pheromosa\n|-supereffective|p1a: Pheromosa\n|-enditem|p1a: Pheromosa|Focus Sash\n|-damage|p1a: Pheromosa|1\/100\n|-unboost|p1a: Pheromosa|spa|1\n|\n|-heal|p2a: SpankMeDaddy|55\/100|[from] item: Leftovers\n|upkeep\n|turn|14\n|\n|t:|1604545168\n|move|p1a: Pheromosa|U-turn|p2a: SpankMeDaddy\n|-resisted|p2a: SpankMeDaddy\n|-damage|p2a: SpankMeDaddy|38\/100\n|\n|t:|1604545171\n|switch|p1a: Scizor|Scizor, M|62\/100 brn|[from]move: U-turn\n|move|p2a: SpankMeDaddy|Moonblast|p1a: Scizor\n|-resisted|p1a: Scizor\n|-damage|p1a: Scizor|50\/100 brn\n|-unboost|p1a: Scizor|spa|1\n|\n|-heal|p2a: SpankMeDaddy|44\/100|[from] item: Leftovers\n|-damage|p1a: Scizor|44\/100 brn|[from] brn\n|upkeep\n|turn|15\n|\n|t:|1604545181\n|switch|p2a: Bill Cosby|Thundurus-Therian, M|65\/100\n|move|p1a: Scizor|Bullet Punch|p2a: Bill Cosby\n|-resisted|p2a: Bill Cosby\n|-damage|p2a: Bill Cosby|52\/100\n|\n|-damage|p1a: Scizor|38\/100 brn|[from] brn\n|upkeep\n|turn|16\n|\n|t:|1604545191\n|move|p1a: Scizor|Bullet Punch|p2a: Bill Cosby\n|-resisted|p2a: Bill Cosby\n|-damage|p2a: Bill Cosby|39\/100\n|move|p2a: Bill Cosby|Thunderbolt|p1a: Scizor\n|-damage|p1a: Scizor|0 fnt\n|faint|p1a: Scizor\n|\n|upkeep\n|\n|t:|1604545197\n|switch|p1a: Tapu Koko|Tapu Koko|100\/100\n|-fieldstart|move: Electric Terrain|[from] ability: Electric Surge|[of] p1a: Tapu Koko\n|turn|17\n|\n|t:|1604545202\n|move|p1a: Tapu Koko|Thunderbolt|p2a: Bill Cosby\n|-heal|p2a: Bill Cosby|63\/100|[from] ability: Volt Absorb|[of] p1a: Tapu Koko\n|move|p2a: Bill Cosby|Thunderbolt|p1a: Tapu Koko\n|-resisted|p1a: Tapu Koko\n|-damage|p1a: Tapu Koko|58\/100\n|\n|upkeep\n|turn|18\n|\n|t:|1604545208\n|switch|p1a: Heatran|Heatran, M|16\/100\n|move|p2a: Bill Cosby|Thunderbolt|p1a: Heatran\n|-damage|p1a: Heatran|0 fnt\n|faint|p1a: Heatran\n|\n|upkeep\n|\n|t:|1604545214\n|switch|p1a: Pheromosa|Pheromosa|1\/100\n|turn|19\n|\n|t:|1604545217\n|move|p1a: Pheromosa|Poison Jab|p2a: Bill Cosby\n|-damage|p2a: Bill Cosby|21\/100\n|move|p2a: Bill Cosby|Thunderbolt|p1a: Pheromosa\n|-damage|p1a: Pheromosa|0 fnt\n|faint|p1a: Pheromosa\n|\n|upkeep\n|\n|t:|1604545223\n|switch|p1a: Tapu Koko|Tapu Koko|58\/100\n|turn|20\n|\n|t:|1604545227\n|move|p1a: Tapu Koko|Grass Knot|p2a: Bill Cosby\n|-resisted|p2a: Bill Cosby\n|-damage|p2a: Bill Cosby|0 fnt\n|faint|p2a: Bill Cosby\n|\n|upkeep\n|\n|t:|1604545230\n|switch|p2a: SpankMeDaddy|Tapu Fini|44\/100\n|-fieldstart|move: Misty Terrain|[from] ability: Misty Surge|[of] p2a: SpankMeDaddy\n|turn|21\n|\n|t:|1604545234\n|move|p1a: Tapu Koko|Grass Knot|p2a: SpankMeDaddy\n|-supereffective|p2a: SpankMeDaddy\n|-damage|p2a: SpankMeDaddy|25\/100\n|move|p2a: SpankMeDaddy|Moonblast|p1a: Tapu Koko\n|-damage|p1a: Tapu Koko|8\/100\n|\n|-heal|p2a: SpankMeDaddy|32\/100|[from] item: Leftovers\n|upkeep\n|turn|22\n|\n|t:|1604545237\n|move|p1a: Tapu Koko|Grass Knot|p2a: SpankMeDaddy\n|-supereffective|p2a: SpankMeDaddy\n|-damage|p2a: SpankMeDaddy|13\/100\n|move|p2a: SpankMeDaddy|Moonblast|p1a: Tapu Koko\n|-damage|p1a: Tapu Koko|0 fnt\n|faint|p1a: Tapu Koko\n|\n|win|MALEGUY\n|l|\u2606Draco09876\n|c|\u2606MALEGUY|Gg\n||Ladder (probably) updated, but score could not be retrieved (Request timeout).\n","uploadtime":1604545246,"views":15,"p1id":"draco09876","p2id":"maleguy","formatid":"gen8ou","rating":0,"private":0,"password":null}