{"id":"gen8ou-1108934260","p1":"kiss the sun","p2":"big boss 447","format":"gen8ou","log":"|j|\u2606kiss the sun\n|j|\u2606big boss 447\n|player|p1|kiss the sun|266|1852\n|player|p2|big boss 447|n|1834\n|teamsize|p1|6\n|teamsize|p2|6\n|gametype|singles\n|gen|8\n|tier|[Gen 8] OU\n|rated|\n|clearpoke\n|poke|p1|Diggersby, M|\n|poke|p1|Kyurem|\n|poke|p1|Zeraora|\n|poke|p1|Keldeo-Resolute|\n|poke|p1|Mew|\n|poke|p1|Aegislash, M|\n|poke|p2|Mimikyu, M|\n|poke|p2|Hippowdon, F|\n|poke|p2|Excadrill, M|\n|poke|p2|Diggersby, M|\n|poke|p2|Hydreigon, M|\n|poke|p2|Clefable, F|\n|rule|Sleep Clause Mod: Limit one foe put to sleep\n|rule|Species Clause: Limit one of each Pok\u00e9mon\n|rule|OHKO Clause: OHKO moves are banned\n|rule|Evasion Moves Clause: Evasion moves are banned\n|rule|Endless Battle Clause: Forcing endless battles is banned\n|rule|HP Percentage Mod: HP is shown in percentages\n|rule|Dynamax Clause: You cannot dynamax\n|teampreview\n|j| mdng\n|inactive|Battle timer is ON: inactive players will automatically lose when time's up. (requested by big boss 447)\n|\n|start\n|switch|p1a: Mew|Mew|100\/100\n|switch|p2a: Clefable|Clefable, F|100\/100\n|turn|1\n|j| cancer02\n|\n|move|p1a: Mew|Stealth Rock|p2a: Clefable\n|-sidestart|p2: big boss 447|move: Stealth Rock\n|move|p2a: Clefable|Moonblast|p1a: Mew\n|-damage|p1a: Mew|53\/100\n|-enditem|p1a: Mew|Red Card|[of] p2a: Clefable\n|drag|p2a: Mimikyu|Mimikyu, M|100\/100\n|-damage|p2a: Mimikyu|88\/100|[from] Stealth Rock\n|\n|upkeep\n|turn|2\n|\n|move|p1a: Mew|Taunt|p2a: Mimikyu\n|-start|p2a: Mimikyu|move: Taunt\n|move|p2a: Mimikyu|Shadow Claw|p1a: Mew\n|-supereffective|p1a: Mew\n|-damage|p1a: Mew|0 fnt\n|-damage|p2a: Mimikyu|78\/100|[from] item: Life Orb\n|faint|p1a: Mew\n|\n|upkeep\n|\n|switch|p1a: Zeraora|Zeraora|100\/100\n|turn|3\n|\n|switch|p2a: Hippowdon|Hippowdon, F|100\/100\n|-damage|p2a: Hippowdon|94\/100|[from] Stealth Rock\n|-weather|Sandstorm|[from] ability: Sand Stream|[of] p2a: Hippowdon\n|move|p1a: Zeraora|Bulk Up|p1a: Zeraora\n|-boost|p1a: Zeraora|atk|1\n|-boost|p1a: Zeraora|def|1\n|\n|-weather|Sandstorm|[upkeep]\n|-damage|p1a: Zeraora|95\/100|[from] Sandstorm\n|-heal|p1a: Zeraora|100\/100|[from] item: Leftovers\n|upkeep\n|turn|4\n|\n|switch|p1a: Keldeo|Keldeo-Resolute|100\/100\n|move|p2a: Hippowdon|Stealth Rock|p1a: Keldeo\n|-sidestart|p1: kiss the sun|move: Stealth Rock\n|\n|-weather|Sandstorm|[upkeep]\n|-damage|p1a: Keldeo|94\/100|[from] Sandstorm\n|-heal|p1a: Keldeo|100\/100|[from] item: Leftovers\n|upkeep\n|turn|5\n|\n|switch|p1a: Diggersby|Diggersby, M|100\/100\n|-damage|p1a: Diggersby|94\/100|[from] Stealth Rock\n|move|p2a: Hippowdon|Whirlwind|p1a: Diggersby\n|drag|p1a: Kyurem|Kyurem|100\/100\n|-damage|p1a: Kyurem|76\/100|[from] Stealth Rock\n|-ability|p1a: Kyurem|Pressure\n|\n|-weather|Sandstorm|[upkeep]\n|-damage|p1a: Kyurem|70\/100|[from] Sandstorm\n|upkeep\n|turn|6\n|j| HeavenStar\n|\n|switch|p2a: Diggersby|Diggersby, M|100\/100\n|-damage|p2a: Diggersby|94\/100|[from] Stealth Rock\n|move|p1a: Kyurem|Ice Beam|p2a: Diggersby\n|-supereffective|p2a: Diggersby\n|-damage|p2a: Diggersby|0 fnt\n|faint|p2a: Diggersby\n|\n|-weather|Sandstorm|[upkeep]\n|-damage|p1a: Kyurem|63\/100|[from] Sandstorm\n|upkeep\n|\n|switch|p2a: Excadrill|Excadrill, M|100\/100\n|-damage|p2a: Excadrill|97\/100|[from] Stealth Rock\n|turn|7\n|\n|move|p2a: Excadrill|Rock Slide|p1a: Kyurem\n|-supereffective|p1a: Kyurem\n|-damage|p1a: Kyurem|0 fnt\n|-damage|p2a: Excadrill|87\/100|[from] item: Life Orb\n|faint|p1a: Kyurem\n|\n|-weather|Sandstorm|[upkeep]\n|upkeep\n|\n|switch|p1a: Keldeo|Keldeo-Resolute|100\/100\n|-damage|p1a: Keldeo|94\/100|[from] Stealth Rock\n|turn|8\n|\n|move|p2a: Excadrill|Earthquake|p1a: Keldeo\n|-damage|p1a: Keldeo|11\/100\n|-damage|p2a: Excadrill|78\/100|[from] item: Life Orb\n|move|p1a: Keldeo|Scald|p2a: Excadrill\n|-supereffective|p2a: Excadrill\n|-damage|p2a: Excadrill|0 fnt\n|faint|p2a: Excadrill\n|\n|-weather|Sandstorm|[upkeep]\n|-damage|p1a: Keldeo|5\/100|[from] Sandstorm\n|-heal|p1a: Keldeo|11\/100|[from] item: Leftovers\n|upkeep\n|\n|switch|p2a: Hydreigon|Hydreigon, M|100\/100\n|-damage|p2a: Hydreigon|88\/100|[from] Stealth Rock\n|turn|9\n|\n|move|p2a: Hydreigon|Dark Pulse|p1a: Keldeo\n|-resisted|p1a: Keldeo\n|-damage|p1a: Keldeo|0 fnt\n|faint|p1a: Keldeo\n|\n|-weather|Sandstorm|[upkeep]\n|-damage|p2a: Hydreigon|82\/100|[from] Sandstorm\n|upkeep\n|j| vCyborgg\n|j| fknWayne\n|\n|switch|p1a: Zeraora|Zeraora|100\/100\n|-damage|p1a: Zeraora|88\/100|[from] Stealth Rock\n|turn|10\n|\n|switch|p2a: Hippowdon|Hippowdon, F|94\/100\n|-damage|p2a: Hippowdon|88\/100|[from] Stealth Rock\n|move|p1a: Zeraora|Play Rough|p2a: Hippowdon\n|-damage|p2a: Hippowdon|74\/100\n|\n|-weather|none\n|-heal|p1a: Zeraora|94\/100|[from] item: Leftovers\n|upkeep\n|turn|11\n|\n|switch|p1a: Aegislash|Aegislash, M|100\/100\n|-damage|p1a: Aegislash|94\/100|[from] Stealth Rock\n|move|p2a: Hippowdon|Earthquake|p1a: Aegislash\n|-supereffective|p1a: Aegislash\n|-damage|p1a: Aegislash|25\/100\n|\n|upkeep\n|turn|12\n|\n|switch|p2a: Clefable|Clefable, F|100\/100\n|-formechange|p1a: Aegislash|Aegislash-Blade||[from] ability: Stance Change\n|move|p1a: Aegislash|Steel Beam|p2a: Clefable\n|-supereffective|p2a: Clefable\n|-damage|p2a: Clefable|0 fnt\n|-damage|p1a: Aegislash|0 fnt|[from] mindblown\n|faint|p1a: Aegislash\n|faint|p2a: Clefable\n|\n|upkeep\n|\n|switch|p1a: Zeraora|Zeraora|94\/100\n|switch|p2a: Hydreigon|Hydreigon, M|82\/100\n|-damage|p2a: Hydreigon|70\/100|[from] Stealth Rock\n|-damage|p1a: Zeraora|82\/100|[from] Stealth Rock\n|turn|13\n|l| vCyborgg\n|\n|move|p2a: Hydreigon|Draco Meteor|p1a: Zeraora\n|-damage|p1a: Zeraora|0 fnt\n|-unboost|p2a: Hydreigon|spa|2\n|faint|p1a: Zeraora\n|\n|upkeep\n|j| vCyborgg\n|\n|switch|p1a: Diggersby|Diggersby, M|94\/100\n|-damage|p1a: Diggersby|88\/100|[from] Stealth Rock\n|turn|14\n|\n|move|p2a: Hydreigon|Draco Meteor|p1a: Diggersby\n|-damage|p1a: Diggersby|38\/100\n|-unboost|p2a: Hydreigon|spa|2\n|move|p1a: Diggersby|Swords Dance|p1a: Diggersby\n|-boost|p1a: Diggersby|atk|2\n|\n|upkeep\n|turn|15\n|\n|move|p1a: Diggersby|Quick Attack|p2a: Hydreigon\n|-damage|p2a: Hydreigon|0 fnt\n|-damage|p1a: Diggersby|28\/100|[from] item: Life Orb\n|faint|p2a: Hydreigon\n|\n|upkeep\n|\n|switch|p2a: Mimikyu|Mimikyu, M|78\/100\n|-damage|p2a: Mimikyu|66\/100|[from] Stealth Rock\n|turn|16\n|-message|kiss the sun forfeited.\n|\n|win|big boss 447\n|l|\u2606kiss the sun\n|raw|kiss the sun's rating: 1864 &rarr; <strong>1841<\/strong><br \/>(-23 for losing)\n|raw|big boss 447's rating: 1808 &rarr; <strong>1831<\/strong><br \/>(+23 for winning)\n|l| mdng\n|c|\u2606big boss 447|lemme miss my moves at least\n|l| cancer02\n|l|\u2606big boss 447\n","uploadtime":1588653865,"views":20,"p1id":"kissthesun","p2id":"bigboss447","formatid":"gen8ou","rating":1831,"private":0,"password":null}