{"id":"gen8ou-1415770089","p1":"damorush","p2":"AsLearKenya","format":"gen8ou","log":"|j|\u2606damorush\n|j|\u2606AsLearKenya\n|t:|1631524358\n|gametype|singles\n|player|p1|damorush|102|1479\n|player|p2|AsLearKenya|steven|1488\n|teamsize|p1|6\n|teamsize|p2|6\n|gen|8\n|tier|[Gen 8] OU\n|rated|\n|rule|Sleep Clause Mod: Limit one foe put to sleep\n|rule|Species Clause: Limit one of each Pok\u00e9mon\n|rule|OHKO Clause: OHKO moves are banned\n|rule|Evasion Moves Clause: Evasion moves are banned\n|rule|Endless Battle Clause: Forcing endless battles is banned\n|rule|HP Percentage Mod: HP is shown in percentages\n|rule|Dynamax Clause: You cannot dynamax\n|clearpoke\n|poke|p1|Heatran, M|\n|poke|p1|Torkoal, M|\n|poke|p1|Venusaur, M|\n|poke|p1|Landorus-Therian, M|\n|poke|p1|Blissey, F|\n|poke|p1|Clefable, M|\n|poke|p2|Barraskewda, M|\n|poke|p2|Pelipper, M|\n|poke|p2|Ferrothorn, F|\n|poke|p2|Urshifu-*, F|\n|poke|p2|Landorus-Therian, M|\n|poke|p2|Zapdos|\n|teampreview\n|\n|t:|1631524378\n|start\n|switch|p1a: Torkoal|Torkoal, M|100\/100\n|switch|p2a: Landorus|Landorus-Therian, M|100\/100\n|-ability|p2a: Landorus|Intimidate|boost\n|-unboost|p1a: Torkoal|atk|1\n|-weather|SunnyDay|[from] ability: Drought|[of] p1a: Torkoal\n|turn|1\n|\n|t:|1631524389\n|switch|p1a: Landorus|Landorus-Therian, M|100\/100\n|-ability|p1a: Landorus|Intimidate|boost\n|-unboost|p2a: Landorus|atk|1\n|move|p2a: Landorus|Stealth Rock|p1a: Landorus\n|-sidestart|p1: damorush|move: Stealth Rock\n|\n|-weather|SunnyDay|[upkeep]\n|upkeep\n|turn|2\n|\n|t:|1631524398\n|switch|p2a: Pelipper|Pelipper, M|100\/100\n|-weather|RainDance|[from] ability: Drizzle|[of] p2a: Pelipper\n|move|p1a: Landorus|U-turn|p2a: Pelipper\n|-resisted|p2a: Pelipper\n|-damage|p2a: Pelipper|92\/100\n|\n|t:|1631524405\n|switch|p1a: Torkoal|Torkoal, M|100\/100|[from]move: U-turn\n|-damage|p1a: Torkoal|76\/100|[from] Stealth Rock\n|-weather|SunnyDay|[from] ability: Drought|[of] p1a: Torkoal\n|\n|-weather|SunnyDay|[upkeep]\n|upkeep\n|turn|3\n|\n|t:|1631524414\n|move|p2a: Pelipper|Toxic|p1a: Torkoal\n|-status|p1a: Torkoal|tox\n|move|p1a: Torkoal|Rapid Spin|p2a: Pelipper\n|-damage|p2a: Pelipper|84\/100\n|-boost|p1a: Torkoal|spe|1\n|-sideend|p1: damorush|Stealth Rock|[from] move: Rapid Spin|[of] p1a: Torkoal\n|\n|-weather|SunnyDay|[upkeep]\n|-damage|p1a: Torkoal|70\/100 tox|[from] psn\n|upkeep\n|turn|4\n|\n|t:|1631524424\n|switch|p2a: Landorus|Landorus-Therian, M|100\/100\n|-ability|p2a: Landorus|Intimidate|boost\n|-unboost|p1a: Torkoal|atk|1\n|switch|p1a: Heatran|Heatran, M|100\/100\n|\n|-weather|SunnyDay|[upkeep]\n|upkeep\n|turn|5\n|\n|t:|1631524433\n|move|p1a: Heatran|Eruption|p2a: Landorus\n|-damage|p2a: Landorus|0 fnt\n|faint|p2a: Landorus\n|\n|-weather|SunnyDay|[upkeep]\n|upkeep\n|\n|t:|1631524438\n|switch|p2a: Pelipper|Pelipper, M|84\/100\n|-weather|RainDance|[from] ability: Drizzle|[of] p2a: Pelipper\n|turn|6\n|\n|t:|1631524447\n|switch|p1a: Blissey|Blissey, F|100\/100\n|move|p2a: Pelipper|U-turn|p1a: Blissey\n|-damage|p1a: Blissey|93\/100\n|\n|t:|1631524452\n|switch|p2a: Urshifu|Urshifu-Rapid-Strike, F|100\/100|[from]move: U-turn\n|\n|-weather|RainDance|[upkeep]\n|upkeep\n|turn|7\n|\n|t:|1631524459\n|switch|p1a: Torkoal|Torkoal, M|70\/100 tox\n|-weather|SunnyDay|[from] ability: Drought|[of] p1a: Torkoal\n|move|p2a: Urshifu|Surging Strikes|p1a: Torkoal\n|-supereffective|p1a: Torkoal\n|-crit|p1a: Torkoal\n|-damage|p1a: Torkoal|53\/100 tox\n|-supereffective|p1a: Torkoal\n|-crit|p1a: Torkoal\n|-damage|p1a: Torkoal|35\/100 tox\n|-supereffective|p1a: Torkoal\n|-crit|p1a: Torkoal\n|-damage|p1a: Torkoal|18\/100 tox\n|-hitcount|p1a: Torkoal|3\n|\n|-weather|SunnyDay|[upkeep]\n|-damage|p1a: Torkoal|12\/100 tox|[from] psn\n|upkeep\n|turn|8\n|\n|t:|1631524477\n|switch|p2a: Pelipper|Pelipper, M|84\/100\n|-weather|RainDance|[from] ability: Drizzle|[of] p2a: Pelipper\n|switch|p1a: Clefable|Clefable, M|100\/100\n|\n|-weather|RainDance|[upkeep]\n|upkeep\n|turn|9\n|\n|t:|1631524486\n|switch|p2a: Ferrothorn|Ferrothorn, F|100\/100\n|move|p1a: Clefable|Calm Mind|p1a: Clefable\n|-boost|p1a: Clefable|spa|1\n|-boost|p1a: Clefable|spd|1\n|\n|-weather|RainDance|[upkeep]\n|upkeep\n|turn|10\n|\n|t:|1631524495\n|move|p1a: Clefable|Flamethrower|p2a: Ferrothorn\n|-supereffective|p2a: Ferrothorn\n|-damage|p2a: Ferrothorn|31\/100\n|move|p2a: Ferrothorn|Knock Off|p1a: Clefable\n|-resisted|p1a: Clefable\n|-damage|p1a: Clefable|93\/100\n|-enditem|p1a: Clefable|Life Orb|[from] move: Knock Off|[of] p2a: Ferrothorn\n|\n|-weather|RainDance|[upkeep]\n|-heal|p2a: Ferrothorn|37\/100|[from] item: Leftovers\n|upkeep\n|turn|11\n|\n|t:|1631524506\n|switch|p2a: Zapdos|Zapdos, shiny|100\/100\n|move|p1a: Clefable|Flamethrower|p2a: Zapdos\n|-damage|p2a: Zapdos|82\/100\n|\n|-weather|RainDance|[upkeep]\n|upkeep\n|turn|12\n|\n|t:|1631524518\n|move|p2a: Zapdos|Volt Switch|p1a: Clefable\n|-damage|p1a: Clefable|56\/100\n|\n|t:|1631524522\n|switch|p2a: Ferrothorn|Ferrothorn, F|37\/100|[from]move: Volt Switch\n|move|p1a: Clefable|Moonblast|p2a: Ferrothorn\n|-resisted|p2a: Ferrothorn\n|-damage|p2a: Ferrothorn|19\/100\n|\n|-weather|RainDance|[upkeep]\n|-heal|p2a: Ferrothorn|25\/100|[from] item: Leftovers\n|upkeep\n|turn|13\n|\n|t:|1631524532\n|switch|p2a: Urshifu|Urshifu-Rapid-Strike, F|100\/100\n|move|p1a: Clefable|Soft-Boiled|p1a: Clefable\n|-heal|p1a: Clefable|100\/100\n|\n|-weather|RainDance|[upkeep]\n|upkeep\n|turn|14\n|\n|t:|1631524540\n|move|p2a: Urshifu|Surging Strikes|p1a: Clefable\n|-crit|p1a: Clefable\n|-damage|p1a: Clefable|63\/100\n|-crit|p1a: Clefable\n|-damage|p1a: Clefable|29\/100\n|-crit|p1a: Clefable\n|-damage|p1a: Clefable|0 fnt\n|faint|p1a: Clefable\n|-hitcount|p1: Clefable|3\n|\n|-weather|RainDance|[upkeep]\n|upkeep\n|\n|t:|1631524550\n|switch|p1a: Torkoal|Torkoal, M|12\/100 tox\n|-weather|SunnyDay|[from] ability: Drought|[of] p1a: Torkoal\n|turn|15\n|\n|t:|1631524555\n|switch|p2a: Pelipper|Pelipper, M|84\/100\n|-weather|RainDance|[from] ability: Drizzle|[of] p2a: Pelipper\n|switch|p1a: Landorus|Landorus-Therian, M|100\/100\n|-ability|p1a: Landorus|Intimidate|boost\n|-unboost|p2a: Pelipper|atk|1\n|\n|-weather|RainDance|[upkeep]\n|upkeep\n|turn|16\n|\n|t:|1631524566\n|move|p1a: Landorus|Earthquake|p2a: Pelipper\n|-immune|p2a: Pelipper\n|move|p2a: Pelipper|U-turn|p1a: Landorus\n|-resisted|p1a: Landorus\n|-damage|p1a: Landorus|98\/100\n|\n|t:|1631524573\n|switch|p2a: Urshifu|Urshifu-Rapid-Strike, F|100\/100|[from]move: U-turn\n|\n|-weather|RainDance|[upkeep]\n|-heal|p1a: Landorus|100\/100|[from] item: Leftovers\n|upkeep\n|turn|17\n|\n|t:|1631524588\n|switch|p1a: Torkoal|Torkoal, M|12\/100 tox\n|-weather|SunnyDay|[from] ability: Drought|[of] p1a: Torkoal\n|move|p2a: Urshifu|U-turn|p1a: Torkoal\n|-resisted|p1a: Torkoal\n|-damage|p1a: Torkoal|1\/100 tox\n|\n|t:|1631524595\n|switch|p2a: Pelipper|Pelipper, M|84\/100|[from]move: U-turn\n|-weather|RainDance|[from] ability: Drizzle|[of] p2a: Pelipper\n|\n|-weather|RainDance|[upkeep]\n|-damage|p1a: Torkoal|0 fnt|[from] psn\n|faint|p1a: Torkoal\n|upkeep\n|\n|t:|1631524607\n|switch|p1a: Heatran|Heatran, M|100\/100\n|turn|18\n|\n|t:|1631524616\n|switch|p2a: Urshifu|Urshifu-Rapid-Strike, F|100\/100\n|move|p1a: Heatran|Eruption|p2a: Urshifu\n|-resisted|p2a: Urshifu\n|-damage|p2a: Urshifu|55\/100\n|\n|-weather|RainDance|[upkeep]\n|upkeep\n|turn|19\n|\n|t:|1631524647\n|move|p2a: Urshifu|Surging Strikes|p1a: Heatran\n|-supereffective|p1a: Heatran\n|-crit|p1a: Heatran\n|-damage|p1a: Heatran|13\/100\n|-supereffective|p1a: Heatran\n|-crit|p1a: Heatran\n|-damage|p1a: Heatran|0 fnt\n|faint|p1a: Heatran\n|-hitcount|p1: Heatran|2\n|\n|-weather|RainDance|[upkeep]\n|upkeep\n|-message|damorush forfeited.\n|\n|win|AsLearKenya\n|raw|damorush's rating: 1480 &rarr; <strong>1460<\/strong><br \/>(-20 for losing)\n|raw|AsLearKenya's rating: 1488 &rarr; <strong>1508<\/strong><br \/>(+20 for winning)\n|l|\u2606damorush\n","uploadtime":1631524666,"views":13,"p1id":"damorush","p2id":"aslearkenya","formatid":"gen8ou","rating":1460,"private":0,"password":null}