{"id":"gen8ou-1523135742","p1":"Holycat","p2":"NeoNaruto\u00ae++","format":"gen8ou","log":"|j|\u2606Holycat\n|j|\u2606NeoNaruto\u00ae++\n|t:|1646365093\n|gametype|singles\n|player|p1|Holycat|maylene|1594\n|player|p2|NeoNaruto\u00ae++|medium|1764\n|teamsize|p1|6\n|teamsize|p2|6\n|gen|8\n|tier|[Gen 8] OU\n|rated|\n|rule|Sleep Clause Mod: Limit one foe put to sleep\n|rule|Species Clause: Limit one of each Pok\u00e9mon\n|rule|OHKO Clause: OHKO moves are banned\n|rule|Evasion Moves Clause: Evasion moves are banned\n|rule|Endless Battle Clause: Forcing endless battles is banned\n|rule|HP Percentage Mod: HP is shown in percentages\n|rule|Dynamax Clause: You cannot dynamax\n|clearpoke\n|poke|p1|Skarmory, M|\n|poke|p1|Hippowdon, M|\n|poke|p1|Keldeo-Resolute|\n|poke|p1|Zapdos-Galar|\n|poke|p1|Bisharp, F|\n|poke|p1|Slowking-Galar, F|\n|poke|p2|Landorus-Therian, M|\n|poke|p2|Slowbro, M|\n|poke|p2|Tapu Koko|\n|poke|p2|Dragonite, M|\n|poke|p2|Darmanitan, F|\n|poke|p2|Tyranitar, M|\n|teampreview\n|inactive|Battle timer is ON: inactive players will automatically lose when time's up. (requested by NeoNaruto\u00ae++)\n|\n|t:|1646365114\n|start\n|switch|p1a: Hippowdon|Hippowdon, M|100\/100\n|switch|p2a: PURRP FOR SALE|Darmanitan, F|100\/100\n|-weather|Sandstorm|[from] ability: Sand Stream|[of] p1a: Hippowdon\n|turn|1\n|\n|t:|1646365122\n|move|p2a: PURRP FOR SALE|Flare Blitz|p1a: Hippowdon\n|-damage|p1a: Hippowdon|0 fnt\n|-damage|p2a: PURRP FOR SALE|84\/100|[from] item: Rocky Helmet|[of] p1a: Hippowdon\n|faint|p1a: Hippowdon\n|-damage|p2a: PURRP FOR SALE|44\/100|[from] Recoil\n|\n|-weather|Sandstorm|[upkeep]\n|-damage|p2a: PURRP FOR SALE|38\/100|[from] Sandstorm\n|upkeep\n|\n|t:|1646365134\n|switch|p1a: Zapdos|Zapdos-Galar|100\/100\n|turn|2\n|\n|t:|1646365140\n|switch|p2a: spvceghvstpvrrp|Slowbro, M, shiny|100\/100\n|move|p1a: Zapdos|U-turn|p2a: spvceghvstpvrrp\n|-supereffective|p2a: spvceghvstpvrrp\n|-damage|p2a: spvceghvstpvrrp|73\/100\n|-damage|p1a: Zapdos|84\/100|[from] item: Rocky Helmet|[of] p2a: spvceghvstpvrrp\n|\n|t:|1646365146\n|switch|p1a: Bisharp|Bisharp, F|100\/100|[from]move: U-turn\n|\n|-weather|Sandstorm|[upkeep]\n|-damage|p2a: spvceghvstpvrrp|67\/100|[from] Sandstorm\n|upkeep\n|turn|3\n|\n|t:|1646365153\n|move|p1a: Bisharp|Knock Off|p2a: spvceghvstpvrrp\n|-supereffective|p2a: spvceghvstpvrrp\n|-damage|p2a: spvceghvstpvrrp|0 fnt\n|-damage|p1a: Bisharp|84\/100|[from] item: Rocky Helmet|[of] p2a: spvceghvstpvrrp\n|-enditem|p2a: spvceghvstpvrrp|Rocky Helmet|[from] move: Knock Off|[of] p1a: Bisharp\n|faint|p2a: spvceghvstpvrrp\n|\n|-weather|Sandstorm|[upkeep]\n|upkeep\n|inactive|NeoNaruto\u00ae++ has 120 seconds left.\n|\n|t:|1646365209\n|switch|p2a: VODECi|Tapu Koko|100\/100\n|-fieldstart|move: Electric Terrain|[from] ability: Electric Surge|[of] p2a: VODECi\n|turn|4\n|\n|t:|1646365216\n|move|p2a: VODECi|Volt Switch|p1a: Bisharp\n|-damage|p1a: Bisharp|0 fnt\n|faint|p1a: Bisharp\n|\n|t:|1646365224\n|switch|p2a: DA LAST REX(3005)|Tyranitar, M|100\/100|[from]move: Volt Switch\n|\n|-weather|Sandstorm|[upkeep]\n|upkeep\n|\n|t:|1646365233\n|switch|p1a: Keldeo|Keldeo-Resolute|100\/100\n|turn|5\n|inactive|NeoNaruto\u00ae++ has 90 seconds left.\n|\n|t:|1646365280\n|move|p1a: Keldeo|Substitute|p1a: Keldeo\n|-start|p1a: Keldeo|Substitute\n|-damage|p1a: Keldeo|76\/100\n|move|p2a: DA LAST REX(3005)|Thunderbolt|p1a: Keldeo\n|-supereffective|p1a: Keldeo\n|-end|p1a: Keldeo|Substitute\n|\n|-weather|none\n|-heal|p1a: Keldeo|82\/100|[from] item: Leftovers\n|upkeep\n|turn|6\n|\n|t:|1646365289\n|move|p1a: Keldeo|Secret Sword|p2a: DA LAST REX(3005)\n|-supereffective|p2a: DA LAST REX(3005)\n|-damage|p2a: DA LAST REX(3005)|0 fnt\n|faint|p2a: DA LAST REX(3005)\n|\n|-heal|p1a: Keldeo|88\/100|[from] item: Leftovers\n|upkeep\n|\n|t:|1646365295\n|switch|p2a: VODECi|Tapu Koko|100\/100\n|turn|7\n|\n|t:|1646365299\n|switch|p1a: Slowking|Slowking-Galar, F|100\/100\n|move|p2a: VODECi|Volt Switch|p1a: Slowking\n|-damage|p1a: Slowking|64\/100\n|inactive|NeoNaruto\u00ae++ has 90 seconds left.\n|\n|t:|1646365314\n|switch|p2a: PURRP FOR SALE|Darmanitan, F|38\/100|[from]move: Volt Switch\n|\n|upkeep\n|turn|8\n|\n|t:|1646365332\n|switch|p1a: Keldeo|Keldeo-Resolute|88\/100\n|move|p2a: PURRP FOR SALE|Flare Blitz|p1a: Keldeo\n|-resisted|p1a: Keldeo\n|-damage|p1a: Keldeo|7\/100\n|-damage|p2a: PURRP FOR SALE|9\/100|[from] Recoil\n|\n|-heal|p1a: Keldeo|13\/100|[from] item: Leftovers\n|-fieldend|move: Electric Terrain\n|upkeep\n|turn|9\n|inactive|NeoNaruto\u00ae++ has 90 seconds left.\n|\n|t:|1646365355\n|switch|p2a: VODECi|Tapu Koko|100\/100\n|-fieldstart|move: Electric Terrain|[from] ability: Electric Surge|[of] p2a: VODECi\n|move|p1a: Keldeo|Scald|p2a: VODECi\n|-damage|p2a: VODECi|26\/100\n|\n|-heal|p1a: Keldeo|19\/100|[from] item: Leftovers\n|upkeep\n|turn|10\n|j| clean cuts\n|\n|t:|1646365365\n|switch|p1a: Slowking|Slowking-Galar, F|98\/100\n|move|p2a: VODECi|Volt Switch|p1a: Slowking\n|-damage|p1a: Slowking|62\/100\n|\n|t:|1646365368\n|switch|p2a: PURRP FOR SALE|Darmanitan, F|9\/100|[from]move: Volt Switch\n|\n|upkeep\n|turn|11\n|\n|t:|1646365375\n|switch|p1a: Keldeo|Keldeo-Resolute|19\/100\n|move|p2a: PURRP FOR SALE|Earthquake|p1a: Keldeo\n|-damage|p1a: Keldeo|0 fnt\n|faint|p1a: Keldeo\n|\n|upkeep\n|\n|t:|1646365381\n|switch|p1a: Zapdos|Zapdos-Galar|84\/100\n|turn|12\n|\n|t:|1646365384\n|switch|p2a: Bernie Landers|Landorus-Therian, M|100\/100\n|-ability|p2a: Bernie Landers|Intimidate|boost\n|-unboost|p1a: Zapdos|atk|1\n|-ability|p1a: Zapdos|Defiant\n|-boost|p1a: Zapdos|atk|2\n|move|p1a: Zapdos|Brave Bird|p2a: Bernie Landers\n|-damage|p2a: Bernie Landers|33\/100\n|-damage|p1a: Zapdos|67\/100|[from] item: Rocky Helmet|[of] p2a: Bernie Landers\n|-damage|p1a: Zapdos|41\/100|[from] Recoil\n|\n|upkeep\n|turn|13\n|\n|t:|1646365396\n|move|p1a: Zapdos|Brave Bird|p2a: Bernie Landers\n|-damage|p2a: Bernie Landers|0 fnt\n|-damage|p1a: Zapdos|24\/100|[from] item: Rocky Helmet|[of] p2a: Bernie Landers\n|faint|p2a: Bernie Landers\n|-damage|p1a: Zapdos|12\/100|[from] Recoil\n|\n|-fieldend|move: Electric Terrain\n|upkeep\n|c|\u2606Holycat|nice nickname\n|\n|t:|1646365403\n|switch|p2a: Fat Charizard|Dragonite, M, shiny|100\/100\n|turn|14\n|\n|t:|1646365406\n|switch|p1a: Skarmory|Skarmory, M|100\/100\n|move|p2a: Fat Charizard|Extreme Speed|p1a: Skarmory\n|-resisted|p1a: Skarmory\n|-damage|p1a: Skarmory|92\/100\n|-damage|p2a: Fat Charizard|84\/100|[from] item: Rocky Helmet|[of] p1a: Skarmory\n|\n|upkeep\n|turn|15\n|\n|t:|1646365412\n|switch|p2a: PURRP FOR SALE|Darmanitan, F|9\/100\n|move|p1a: Skarmory|Spikes|p2a: PURRP FOR SALE\n|-sidestart|p2: NeoNaruto\u00ae++|Spikes\n|\n|upkeep\n|turn|16\n|\n|t:|1646365421\n|switch|p1a: Slowking|Slowking-Galar, F|95\/100\n|move|p2a: PURRP FOR SALE|Flare Blitz|p1a: Slowking\n|-damage|p1a: Slowking|0 fnt\n|faint|p1a: Slowking\n|-damage|p2a: PURRP FOR SALE|0 fnt|[from] Recoil\n|faint|p2a: PURRP FOR SALE\n|\n|upkeep\n|\n|t:|1646365429\n|switch|p2a: VODECi|Tapu Koko|26\/100\n|switch|p1a: Zapdos|Zapdos-Galar|12\/100\n|-damage|p2a: VODECi|14\/100|[from] Spikes\n|-fieldstart|move: Electric Terrain|[from] ability: Electric Surge|[of] p2a: VODECi\n|turn|17\n|\n|t:|1646365436\n|move|p1a: Zapdos|Brave Bird|p2a: VODECi\n|-resisted|p2a: VODECi\n|-damage|p2a: VODECi|0 fnt\n|faint|p2a: VODECi\n|-damage|p1a: Zapdos|8\/100|[from] Recoil\n|\n|upkeep\n|-message|NeoNaruto\u00ae++ forfeited.\n|\n|win|Holycat\n|raw|Holycat's rating: 1594 &rarr; <strong>1622<\/strong><br \/>(+28 for winning)\n|raw|NeoNaruto\u00ae++'s rating: 1743 &rarr; <strong>1715<\/strong><br \/>(-28 for losing)\n|l|\u2606NeoNaruto\u00ae++\n","uploadtime":1646365443,"views":56,"p1id":"holycat","p2id":"neonaruto","formatid":"gen8ou","rating":1622,"private":0,"password":null}