{"id":"gen8ou-1507456477","p1":"roboPOKE","p2":"RggV","format":"gen8ou","log":"|j|\u2606roboPOKE\n|j|\u2606RggV\n|t:|1644421562\n|gametype|singles\n|player|p1|roboPOKE|1|1684\n|player|p2|RggV|scientist-gen4|1649\n|teamsize|p1|6\n|teamsize|p2|6\n|gen|8\n|tier|[Gen 8] OU\n|rated|\n|rule|Sleep Clause Mod: Limit one foe put to sleep\n|rule|Species Clause: Limit one of each Pok\u00e9mon\n|rule|OHKO Clause: OHKO moves are banned\n|rule|Evasion Moves Clause: Evasion moves are banned\n|rule|Endless Battle Clause: Forcing endless battles is banned\n|rule|HP Percentage Mod: HP is shown in percentages\n|rule|Dynamax Clause: You cannot dynamax\n|clearpoke\n|poke|p1|Omastar, M|\n|poke|p1|Weavile, M|\n|poke|p1|Kartana|\n|poke|p1|Tapu Lele|\n|poke|p1|Landorus-Therian, M|\n|poke|p1|Dragapult, F|\n|poke|p2|Politoed, F|\n|poke|p2|Heliolisk, F|\n|poke|p2|Kingdra, M|\n|poke|p2|Mudsdale, M|\n|poke|p2|Victini|\n|poke|p2|Scizor, M|\n|teampreview\n|inactive|Battle timer is ON: inactive players will automatically lose when time's up. (requested by RggV)\n|\n|t:|1644421575\n|start\n|switch|p1a: Omastar|Omastar, M|100\/100\n|switch|p2a: Victini|Victini|100\/100\n|turn|1\n|inactive|roboPOKE has 120 seconds left.\n|\n|t:|1644421605\n|move|p2a: Victini|U-turn|p1a: Omastar\n|-damage|p1a: Omastar|68\/100\n|-ability|p1a: Omastar|Weak Armor|boost\n|-unboost|p1a: Omastar|def|1\n|-boost|p1a: Omastar|spe|2\n|\n|t:|1644421609\n|switch|p2a: Scizor|Scizor, M|100\/100|[from]move: U-turn\n|move|p1a: Omastar|Stealth Rock|p2a: Scizor\n|-sidestart|p2: RggV|move: Stealth Rock\n|\n|upkeep\n|turn|2\n|\n|t:|1644421617\n|move|p1a: Omastar|Surf|p2a: Scizor\n|-damage|p2a: Scizor|67\/100\n|move|p2a: Scizor|Defog|p1a: Omastar\n|-unboost|p1a: Omastar|evasion|1\n|-sideend|p2: RggV|Stealth Rock|[from] move: Defog|[of] p2a: Scizor\n|\n|upkeep\n|turn|3\n|\n|t:|1644421622\n|move|p2a: Scizor|Bullet Punch|p1a: Omastar\n|-damage|p1a: Omastar|25\/100\n|-ability|p1a: Omastar|Weak Armor|boost\n|-unboost|p1a: Omastar|def|1\n|-boost|p1a: Omastar|spe|2\n|move|p1a: Omastar|Stealth Rock|p2a: Scizor\n|-sidestart|p2: RggV|move: Stealth Rock\n|\n|upkeep\n|turn|4\n|\n|t:|1644421627\n|move|p1a: Omastar|Shell Smash|p1a: Omastar\n|-unboost|p1a: Omastar|def|1\n|-unboost|p1a: Omastar|spd|1\n|-boost|p1a: Omastar|atk|2\n|-boost|p1a: Omastar|spa|2\n|-boost|p1a: Omastar|spe|2\n|move|p2a: Scizor|Defog|p1a: Omastar\n|-unboost|p1a: Omastar|evasion|1\n|-sideend|p2: RggV|Stealth Rock|[from] move: Defog|[of] p2a: Scizor\n|\n|upkeep\n|turn|5\n|\n|t:|1644421629\n|switch|p1a: Tapu Lele|Tapu Lele|100\/100\n|-fieldstart|move: Psychic Terrain|[from] ability: Psychic Surge|[of] p1a: Tapu Lele\n|move|p2a: Scizor|Bullet Punch|p1a: Tapu Lele\n|-activate|p1a: Tapu Lele|move: Psychic Terrain\n|\n|upkeep\n|turn|6\n|\n|t:|1644421632\n|move|p1a: Tapu Lele|Focus Blast|p2a: Scizor\n|-damage|p2a: Scizor|28\/100\n|move|p2a: Scizor|Roost|p2a: Scizor\n|-heal|p2a: Scizor|79\/100\n|-singleturn|p2a: Scizor|move: Roost\n|\n|upkeep\n|turn|7\n|\n|t:|1644421639\n|switch|p1a: Landorus|Landorus-Therian, M|100\/100\n|-ability|p1a: Landorus|Intimidate|boost\n|-unboost|p2a: Scizor|atk|1\n|move|p2a: Scizor|U-turn|p1a: Landorus\n|-resisted|p1a: Landorus\n|-damage|p1a: Landorus|89\/100\n|\n|t:|1644421641\n|switch|p2a: Politoed|Politoed, F, shiny|100\/100|[from]move: U-turn\n|-weather|RainDance|[from] ability: Drizzle|[of] p2a: Politoed\n|\n|-weather|RainDance|[upkeep]\n|-heal|p1a: Landorus|95\/100|[from] item: Leftovers\n|upkeep\n|turn|8\n|\n|t:|1644421645\n|move|p1a: Landorus|Substitute|p1a: Landorus\n|-start|p1a: Landorus|Substitute\n|-damage|p1a: Landorus|70\/100\n|move|p2a: Politoed|Surf|p1a: Landorus\n|-supereffective|p1a: Landorus\n|-end|p1a: Landorus|Substitute\n|\n|-weather|RainDance|[upkeep]\n|-heal|p1a: Landorus|76\/100|[from] item: Leftovers\n|upkeep\n|turn|9\n|\n|t:|1644421655\n|switch|p1a: Tapu Lele|Tapu Lele|100\/100\n|move|p2a: Politoed|Surf|p1a: Tapu Lele\n|-damage|p1a: Tapu Lele|0 fnt\n|faint|p1a: Tapu Lele\n|\n|-weather|RainDance|[upkeep]\n|-fieldend|move: Psychic Terrain\n|upkeep\n|\n|t:|1644421658\n|switch|p1a: Kartana|Kartana|100\/100\n|turn|10\n|\n|t:|1644421669\n|switch|p2a: Scizor|Scizor, M|79\/100\n|move|p1a: Kartana|Swords Dance|p1a: Kartana\n|-boost|p1a: Kartana|atk|2\n|\n|-weather|RainDance|[upkeep]\n|upkeep\n|turn|11\n|\n|t:|1644421675\n|move|p1a: Kartana|Knock Off|p2a: Scizor\n|-damage|p2a: Scizor|0 fnt\n|-enditem|p2a: Scizor|Heavy-Duty Boots|[from] move: Knock Off|[of] p1a: Kartana\n|faint|p2a: Scizor\n|-ability|p1a: Kartana|Beast Boost|boost\n|-boost|p1a: Kartana|atk|1\n|-damage|p1a: Kartana|91\/100|[from] item: Life Orb\n|\n|-weather|none\n|upkeep\n|\n|t:|1644421677\n|switch|p2a: Politoed|Politoed, F, shiny|100\/100\n|-weather|RainDance|[from] ability: Drizzle|[of] p2a: Politoed\n|turn|12\n|\n|t:|1644421680\n|switch|p2a: Heliolisk|Heliolisk, F|100\/100\n|move|p1a: Kartana|Leaf Blade|p2a: Heliolisk\n|-damage|p2a: Heliolisk|0 fnt\n|faint|p2a: Heliolisk\n|-ability|p1a: Kartana|Beast Boost|boost\n|-boost|p1a: Kartana|atk|1\n|-damage|p1a: Kartana|81\/100|[from] item: Life Orb\n|\n|-weather|RainDance|[upkeep]\n|upkeep\n|\n|t:|1644421682\n|switch|p2a: Kingdra|Kingdra, M|100\/100\n|turn|13\n|\n|t:|1644421685\n|move|p2a: Kingdra|Surf|p1a: Kartana\n|-resisted|p1a: Kartana\n|-damage|p1a: Kartana|0 fnt\n|faint|p1a: Kartana\n|\n|-weather|RainDance|[upkeep]\n|upkeep\n|\n|t:|1644421688\n|switch|p1a: Dragapult|Dragapult, F|100\/100\n|turn|14\n|\n|t:|1644421692\n|switch|p2a: Mudsdale|Mudsdale, M, shiny|100\/100\n|move|p1a: Dragapult|Dragon Darts|p2a: Mudsdale\n|-damage|p2a: Mudsdale|85\/100\n|-ability|p2a: Mudsdale|Stamina|boost\n|-boost|p2a: Mudsdale|def|1\n|-anim|p1a: Dragapult|Dragon Darts|p2a: Mudsdale\n|-damage|p2a: Mudsdale|75\/100\n|-ability|p2a: Mudsdale|Stamina|boost\n|-boost|p2a: Mudsdale|def|1\n|\n|-weather|RainDance|[upkeep]\n|-heal|p2a: Mudsdale|81\/100|[from] item: Leftovers\n|upkeep\n|turn|15\n|\n|t:|1644421698\n|switch|p1a: Landorus|Landorus-Therian, M|76\/100\n|-ability|p1a: Landorus|Intimidate|boost\n|-unboost|p2a: Mudsdale|atk|1\n|move|p2a: Mudsdale|Toxic|p1a: Landorus\n|-status|p1a: Landorus|tox\n|\n|-weather|RainDance|[upkeep]\n|-heal|p1a: Landorus|82\/100 tox|[from] item: Leftovers\n|-heal|p2a: Mudsdale|87\/100|[from] item: Leftovers\n|-damage|p1a: Landorus|76\/100 tox|[from] psn\n|upkeep\n|turn|16\n|\n|t:|1644421701\n|switch|p1a: Omastar|Omastar, M|25\/100\n|move|p2a: Mudsdale|Body Press|p1a: Omastar\n|-supereffective|p1a: Omastar\n|-damage|p1a: Omastar|0 fnt\n|faint|p1a: Omastar\n|\n|-weather|none\n|-heal|p2a: Mudsdale|93\/100|[from] item: Leftovers\n|upkeep\n|\n|t:|1644421704\n|switch|p1a: Dragapult|Dragapult, F|100\/100\n|turn|17\n|\n|t:|1644421706\n|move|p1a: Dragapult|Substitute|p1a: Dragapult\n|-start|p1a: Dragapult|Substitute\n|-damage|p1a: Dragapult|76\/100\n|move|p2a: Mudsdale|Earthquake|p1a: Dragapult\n|-end|p1a: Dragapult|Substitute\n|\n|-heal|p1a: Dragapult|82\/100|[from] item: Leftovers\n|-heal|p2a: Mudsdale|99\/100|[from] item: Leftovers\n|upkeep\n|turn|18\n|\n|t:|1644421709\n|switch|p1a: Landorus|Landorus-Therian, M|76\/100 tox\n|-ability|p1a: Landorus|Intimidate|boost\n|-unboost|p2a: Mudsdale|atk|1\n|move|p2a: Mudsdale|Earthquake|p1a: Landorus\n|-immune|p1a: Landorus\n|\n|-heal|p1a: Landorus|82\/100 tox|[from] item: Leftovers\n|-heal|p2a: Mudsdale|100\/100|[from] item: Leftovers\n|-damage|p1a: Landorus|76\/100 tox|[from] psn\n|upkeep\n|turn|19\n|\n|t:|1644421711\n|move|p1a: Landorus|Earthquake|p2a: Mudsdale\n|-damage|p2a: Mudsdale|82\/100\n|-ability|p2a: Mudsdale|Stamina|boost\n|-boost|p2a: Mudsdale|def|1\n|move|p2a: Mudsdale|Body Press|p1a: Landorus\n|-resisted|p1a: Landorus\n|-damage|p1a: Landorus|37\/100 tox\n|\n|-heal|p1a: Landorus|43\/100 tox|[from] item: Leftovers\n|-heal|p2a: Mudsdale|89\/100|[from] item: Leftovers\n|-damage|p1a: Landorus|31\/100 tox|[from] psn\n|upkeep\n|turn|20\n|\n|t:|1644421717\n|move|p1a: Landorus|Earthquake|p2a: Mudsdale\n|-damage|p2a: Mudsdale|74\/100\n|-ability|p2a: Mudsdale|Stamina|boost\n|-boost|p2a: Mudsdale|def|1\n|move|p2a: Mudsdale|Earthquake|p1a: Landorus\n|-immune|p1a: Landorus\n|\n|-heal|p1a: Landorus|37\/100 tox|[from] item: Leftovers\n|-heal|p2a: Mudsdale|80\/100|[from] item: Leftovers\n|-damage|p1a: Landorus|19\/100 tox|[from] psn\n|upkeep\n|turn|21\n|\n|t:|1644421721\n|move|p1a: Landorus|Earthquake|p2a: Mudsdale\n|-damage|p2a: Mudsdale|69\/100\n|-ability|p2a: Mudsdale|Stamina|boost\n|-boost|p2a: Mudsdale|def|1\n|move|p2a: Mudsdale|Earthquake|p1a: Landorus\n|-immune|p1a: Landorus\n|\n|-heal|p1a: Landorus|25\/100 tox|[from] item: Leftovers\n|-heal|p2a: Mudsdale|75\/100|[from] item: Leftovers\n|-damage|p1a: Landorus|1\/100 tox|[from] psn\n|upkeep\n|turn|22\n|\n|t:|1644421727\n|move|p1a: Landorus|Earthquake|p2a: Mudsdale\n|-damage|p2a: Mudsdale|65\/100\n|-ability|p2a: Mudsdale|Stamina|boost\n|-boost|p2a: Mudsdale|def|1\n|move|p2a: Mudsdale|Stealth Rock|p1a: Landorus\n|-sidestart|p1: roboPOKE|move: Stealth Rock\n|\n|-heal|p1a: Landorus|7\/100 tox|[from] item: Leftovers\n|-heal|p2a: Mudsdale|71\/100|[from] item: Leftovers\n|-damage|p1a: Landorus|0 fnt|[from] psn\n|faint|p1a: Landorus\n|upkeep\n|\n|t:|1644421728\n|switch|p1a: Dragapult|Dragapult, F|82\/100\n|-damage|p1a: Dragapult|69\/100|[from] Stealth Rock\n|turn|23\n|\n|t:|1644421731\n|move|p1a: Dragapult|Substitute|p1a: Dragapult\n|-start|p1a: Dragapult|Substitute\n|-damage|p1a: Dragapult|44\/100\n|move|p2a: Mudsdale|Earthquake|p1a: Dragapult\n|-end|p1a: Dragapult|Substitute\n|\n|-heal|p1a: Dragapult|50\/100|[from] item: Leftovers\n|-heal|p2a: Mudsdale|77\/100|[from] item: Leftovers\n|upkeep\n|turn|24\n|\n|t:|1644421734\n|move|p1a: Dragapult|Dragon Dance|p1a: Dragapult\n|-boost|p1a: Dragapult|atk|1\n|-boost|p1a: Dragapult|spe|1\n|move|p2a: Mudsdale|Earthquake|p1a: Dragapult\n|-damage|p1a: Dragapult|23\/100\n|\n|-heal|p1a: Dragapult|29\/100|[from] item: Leftovers\n|-heal|p2a: Mudsdale|84\/100|[from] item: Leftovers\n|upkeep\n|turn|25\n|\n|t:|1644421740\n|move|p1a: Dragapult|Phantom Force||[still]\n|-prepare|p1a: Dragapult|Phantom Force\n|move|p2a: Mudsdale|Earthquake|p1a: Dragapult|[miss]\n|-miss|p2a: Mudsdale|p1a: Dragapult\n|\n|-heal|p1a: Dragapult|35\/100|[from] item: Leftovers\n|-heal|p2a: Mudsdale|90\/100|[from] item: Leftovers\n|upkeep\n|turn|26\n|\n|t:|1644421744\n|move|p1a: Dragapult|Phantom Force|p2a: Mudsdale|[from]lockedmove\n|-damage|p2a: Mudsdale|80\/100\n|move|p2a: Mudsdale|Toxic|p1a: Dragapult\n|-status|p1a: Dragapult|tox\n|\n|-heal|p1a: Dragapult|41\/100 tox|[from] item: Leftovers\n|-heal|p2a: Mudsdale|86\/100|[from] item: Leftovers\n|-damage|p1a: Dragapult|35\/100 tox|[from] psn\n|upkeep\n|turn|27\n|\n|t:|1644421747\n|move|p1a: Dragapult|Dragon Darts|p2a: Mudsdale\n|-damage|p2a: Mudsdale|80\/100\n|-anim|p1a: Dragapult|Dragon Darts|p2a: Mudsdale\n|-crit|p2a: Mudsdale\n|-damage|p2a: Mudsdale|48\/100\n|move|p2a: Mudsdale|Earthquake|p1a: Dragapult\n|-damage|p1a: Dragapult|8\/100 tox\n|\n|-heal|p1a: Dragapult|14\/100 tox|[from] item: Leftovers\n|-heal|p2a: Mudsdale|54\/100|[from] item: Leftovers\n|-damage|p1a: Dragapult|2\/100 tox|[from] psn\n|upkeep\n|turn|28\n|\n|t:|1644421752\n|switch|p1a: Weavile|Weavile, M|100\/100\n|-ability|p1a: Weavile|Pressure\n|move|p2a: Mudsdale|Earthquake|p1a: Weavile\n|-damage|p1a: Weavile|65\/100\n|\n|-heal|p2a: Mudsdale|60\/100|[from] item: Leftovers\n|upkeep\n|turn|29\n|\n|t:|1644421755\n|move|p1a: Weavile|Icicle Crash|p2a: Mudsdale\n|-supereffective|p2a: Mudsdale\n|-damage|p2a: Mudsdale|47\/100\n|move|p2a: Mudsdale|Body Press|p1a: Weavile\n|-supereffective|p1a: Weavile\n|-damage|p1a: Weavile|0 fnt\n|faint|p1a: Weavile\n|\n|-heal|p2a: Mudsdale|53\/100|[from] item: Leftovers\n|upkeep\n|-message|roboPOKE forfeited.\n|\n|win|RggV\n|raw|roboPOKE's rating: 1684 &rarr; <strong>1662<\/strong><br \/>(-22 for losing)\n|raw|RggV's rating: 1649 &rarr; <strong>1671<\/strong><br \/>(+22 for winning)\n|l|\u2606roboPOKE\n","uploadtime":1644421778,"views":44,"p1id":"robopoke","p2id":"rggv","formatid":"gen8ou","rating":1662,"private":0,"password":null}