{"id":"gen8ou-1640673049","p1":"LT93OQ Shurtugal","p2":"Coach Jones 6fifth","format":"gen8ou","log":"|raw|<div class=\"broadcast-blue\"><strong>This battle is required to be public due to a player having a name starting with 'lt93oq'.<\/div>\n|j|\u2606LT93OQ Shurtugal\n|j|\u2606Coach Jones 6fifth\n|t:|1660616751\n|gametype|singles\n|player|p1|LT93OQ Shurtugal|hilda|1607\n|player|p2|Coach Jones 6fifth|lusamine-nihilego|1845\n|teamsize|p1|6\n|teamsize|p2|6\n|gen|8\n|tier|[Gen 8] OU\n|rated|\n|rule|Sleep Clause Mod: Limit one foe put to sleep\n|rule|Species Clause: Limit one of each Pok\u00e9mon\n|rule|OHKO Clause: OHKO moves are banned\n|rule|Evasion Items Clause: Evasion items are banned\n|rule|Evasion Moves Clause: Evasion moves are banned\n|rule|Endless Battle Clause: Forcing endless battles is banned\n|rule|HP Percentage Mod: HP is shown in percentages\n|rule|Dynamax Clause: You cannot dynamax\n|clearpoke\n|poke|p1|Shuckle, F|\n|poke|p1|Victini|\n|poke|p1|Urshifu-*, M|\n|poke|p1|Kartana|\n|poke|p1|Dragonite, M|\n|poke|p1|Bisharp, F|\n|poke|p2|Heatran, M|\n|poke|p2|Slowking, F|\n|poke|p2|Landorus-Therian, M|\n|poke|p2|Weavile, M|\n|poke|p2|Clefable, F|\n|poke|p2|Tornadus-Therian, M|\n|teampreview\n|\n|t:|1660616769\n|start\n|switch|p1a: Victini|Victini|100\/100\n|switch|p2a: Slowking|Slowking, F|100\/100\n|turn|1\n|inactive|Battle timer is ON: inactive players will automatically lose when time's up. (requested by LT93OQ Shurtugal)\n|\n|t:|1660616780\n|move|p1a: Victini|Final Gambit|p2a: Slowking\n|-damage|p2a: Slowking|0 fnt\n|faint|p1a: Victini\n|faint|p2a: Slowking\n|\n|upkeep\n|\n|t:|1660616788\n|switch|p1a: Urshifu|Urshifu-Rapid-Strike, M|100\/100\n|switch|p2a: Heatran|Heatran, M, shiny|100\/100\n|turn|2\n|\n|t:|1660616790\n|switch|p2a: Clefable|Clefable, F, shiny|100\/100\n|move|p1a: Urshifu|Surging Strikes|p2a: Clefable\n|-crit|p2a: Clefable\n|-damage|p2a: Clefable|83\/100\n|-crit|p2a: Clefable\n|-damage|p2a: Clefable|65\/100\n|-crit|p2a: Clefable\n|-damage|p2a: Clefable|50\/100\n|-hitcount|p2a: Clefable|3\n|\n|upkeep\n|turn|3\n|\n|t:|1660616793\n|move|p1a: Urshifu|Surging Strikes|p2a: Clefable\n|-crit|p2a: Clefable\n|-damage|p2a: Clefable|33\/100\n|-crit|p2a: Clefable\n|-damage|p2a: Clefable|15\/100\n|-crit|p2a: Clefable\n|-damage|p2a: Clefable|0 fnt\n|faint|p2a: Clefable\n|-hitcount|p2: Clefable|3\n|\n|upkeep\n|\n|t:|1660616796\n|switch|p2a: Tornadus|Tornadus-Therian, M|100\/100\n|turn|4\n|\n|t:|1660616799\n|switch|p1a: Shuckle|Shuckle, F|100\/100\n|move|p2a: Tornadus|Hurricane|p1a: Shuckle\n|-damage|p1a: Shuckle|72\/100\n|\n|upkeep\n|turn|5\n|\n|t:|1660616802\n|move|p2a: Tornadus|Hurricane|p1a: Shuckle\n|-damage|p1a: Shuckle|43\/100\n|move|p1a: Shuckle|Sticky Web|p2a: Tornadus\n|-sidestart|p2: Coach Jones 6fifth|move: Sticky Web\n|\n|upkeep\n|turn|6\n|-enditem|p1a: Shuckle|Custap Berry|[eat]\n|-activate|p1a: Shuckle|item: Custap Berry|[consumed]\n|\n|t:|1660616804\n|move|p1a: Shuckle|Toxic|p2a: Tornadus\n|-status|p2a: Tornadus|tox\n|move|p2a: Tornadus|U-turn|p1a: Shuckle\n|-damage|p1a: Shuckle|35\/100\n|\n|t:|1660616808\n|switch|p2a: Landorus|Landorus-Therian, M|100\/100|[from]move: U-turn\n|-ability|p2a: Landorus|Intimidate|boost\n|-unboost|p1a: Shuckle|atk|1\n|\n|upkeep\n|turn|7\n|\n|t:|1660616811\n|move|p2a: Landorus|Toxic|p1a: Shuckle\n|-status|p1a: Shuckle|tox\n|move|p1a: Shuckle|Toxic|p2a: Landorus\n|-status|p2a: Landorus|tox\n|\n|-damage|p2a: Landorus|94\/100 tox|[from] psn\n|-damage|p1a: Shuckle|28\/100 tox|[from] psn\n|upkeep\n|turn|8\n|\n|t:|1660616817\n|move|p2a: Landorus|Defog|p1a: Shuckle\n|-unboost|p1a: Shuckle|evasion|1\n|-sideend|p2: Coach Jones 6fifth|Sticky Web|[from] move: Defog|[of] p2a: Landorus\n|move|p1a: Shuckle|Encore|p2a: Landorus\n|-start|p2a: Landorus|Encore\n|\n|-heal|p2a: Landorus|100\/100 tox|[from] item: Leftovers\n|-damage|p2a: Landorus|88\/100 tox|[from] psn\n|-damage|p1a: Shuckle|16\/100 tox|[from] psn\n|upkeep\n|turn|9\n|\n|t:|1660616820\n|switch|p2a: Weavile|Weavile, M|100\/100\n|-ability|p2a: Weavile|Pressure\n|move|p1a: Shuckle|Sticky Web|p2a: Weavile\n|-sidestart|p2: Coach Jones 6fifth|move: Sticky Web\n|\n|-damage|p1a: Shuckle|0 fnt|[from] psn\n|faint|p1a: Shuckle\n|upkeep\n|\n|t:|1660616825\n|switch|p1a: Urshifu|Urshifu-Rapid-Strike, M|100\/100\n|turn|10\n|\n|t:|1660616830\n|switch|p2a: Landorus|Landorus-Therian, M|88\/100 tox\n|-ability|p2a: Landorus|Intimidate|boost\n|-unboost|p1a: Urshifu|atk|1\n|move|p1a: Urshifu|Surging Strikes|p2a: Landorus\n|-supereffective|p2a: Landorus\n|-crit|p2a: Landorus\n|-damage|p2a: Landorus|44\/100 tox\n|-supereffective|p2a: Landorus\n|-crit|p2a: Landorus\n|-damage|p2a: Landorus|0 fnt\n|faint|p2a: Landorus\n|-hitcount|p2: Landorus|2\n|\n|upkeep\n|\n|t:|1660616831\n|switch|p2a: Tornadus|Tornadus-Therian, M|100\/100 tox\n|turn|11\n|\n|t:|1660616840\n|switch|p1a: Dragonite|Dragonite, M|100\/100\n|move|p2a: Tornadus|Hurricane|p1a: Dragonite\n|-damage|p1a: Dragonite|80\/100\n|\n|-damage|p2a: Tornadus|94\/100 tox|[from] psn\n|upkeep\n|turn|12\n|\n|t:|1660616844\n|move|p2a: Tornadus|U-turn|p1a: Dragonite\n|-resisted|p1a: Dragonite\n|-damage|p1a: Dragonite|73\/100\n|\n|t:|1660616846\n|switch|p2a: Weavile|Weavile, M|100\/100|[from]move: U-turn\n|-activate|p2a: Weavile|move: Sticky Web\n|-unboost|p2a: Weavile|spe|1\n|-ability|p2a: Weavile|Pressure\n|move|p1a: Dragonite|Ice Punch|p2a: Weavile\n|-resisted|p2a: Weavile\n|-damage|p2a: Weavile|77\/100\n|\n|upkeep\n|turn|13\n|\n|t:|1660616850\n|switch|p1a: Urshifu|Urshifu-Rapid-Strike, M|100\/100\n|switch|p2a: Tornadus|Tornadus-Therian, M|100\/100 tox\n|\n|-damage|p2a: Tornadus|94\/100 tox|[from] psn\n|upkeep\n|turn|14\n|\n|t:|1660616855\n|switch|p1a: Dragonite|Dragonite, M|73\/100\n|move|p2a: Tornadus|Hurricane|p1a: Dragonite\n|-damage|p1a: Dragonite|33\/100\n|\n|-damage|p2a: Tornadus|82\/100 tox|[from] psn\n|upkeep\n|turn|15\n|\n|t:|1660616858\n|move|p2a: Tornadus|Hurricane|p1a: Dragonite\n|-damage|p1a: Dragonite|0 fnt\n|faint|p1a: Dragonite\n|\n|-damage|p2a: Tornadus|64\/100 tox|[from] psn\n|upkeep\n|j| LT93OQ metamence\n|\n|t:|1660616864\n|switch|p1a: Kartana|Kartana|100\/100\n|turn|16\n|\n|t:|1660616865\n|move|p2a: Tornadus|Heat Wave|p1a: Kartana\n|-supereffective|p1a: Kartana\n|-enditem|p1a: Kartana|Focus Sash\n|-damage|p1a: Kartana|1\/100\n|-status|p1a: Kartana|brn\n|move|p1a: Kartana|Knock Off|p2a: Tornadus\n|-damage|p2a: Tornadus|42\/100 tox\n|-enditem|p2a: Tornadus|Assault Vest|[from] move: Knock Off|[of] p1a: Kartana\n|\n|-damage|p2a: Tornadus|18\/100 tox|[from] psn\n|-damage|p1a: Kartana|0 fnt|[from] brn\n|faint|p1a: Kartana\n|upkeep\n|\n|t:|1660616871\n|switch|p1a: Bisharp|Bisharp, F|100\/100\n|turn|17\n|\n|t:|1660616876\n|switch|p2a: Heatran|Heatran, M, shiny|100\/100\n|-activate|p2a: Heatran|move: Sticky Web\n|-unboost|p2a: Heatran|spe|1\n|-enditem|p2a: Heatran|Eject Pack\n|\n|t:|1660616880\n|switch|p2a: Weavile|Weavile, M|77\/100\n|-activate|p2a: Weavile|move: Sticky Web\n|-unboost|p2a: Weavile|spe|1\n|-ability|p2a: Weavile|Pressure\n|switch|p1a: Urshifu|Urshifu-Rapid-Strike, M|100\/100\n|\n|upkeep\n|turn|18\n|\n|t:|1660616888\n|move|p2a: Weavile|Ice Shard|p1a: Urshifu\n|-resisted|p1a: Urshifu\n|-damage|p1a: Urshifu|86\/100\n|move|p1a: Urshifu|Surging Strikes|p2a: Weavile\n|-crit|p2a: Weavile\n|-damage|p2a: Weavile|39\/100\n|-crit|p2a: Weavile\n|-damage|p2a: Weavile|3\/100\n|-crit|p2a: Weavile\n|-damage|p2a: Weavile|0 fnt\n|faint|p2a: Weavile\n|-hitcount|p2: Weavile|3\n|\n|upkeep\n|\n|t:|1660616891\n|switch|p2a: Tornadus|Tornadus-Therian, M|51\/100 tox\n|turn|19\n|\n|t:|1660616893\n|switch|p1a: Bisharp|Bisharp, F|100\/100\n|move|p2a: Tornadus|Hurricane|p1a: Bisharp\n|-resisted|p1a: Bisharp\n|-damage|p1a: Bisharp|68\/100\n|\n|-damage|p2a: Tornadus|45\/100 tox|[from] psn\n|upkeep\n|turn|20\n|\n|t:|1660616903\n|switch|p2a: Heatran|Heatran, M, shiny|100\/100\n|-activate|p2a: Heatran|move: Sticky Web\n|-unboost|p2a: Heatran|spe|1\n|switch|p1a: Urshifu|Urshifu-Rapid-Strike, M|86\/100\n|\n|upkeep\n|turn|21\n|\n|t:|1660616910\n|move|p1a: Urshifu|Surging Strikes|p2a: Heatran\n|-supereffective|p2a: Heatran\n|-crit|p2a: Heatran\n|-damage|p2a: Heatran|72\/100\n|-supereffective|p2a: Heatran\n|-crit|p2a: Heatran\n|-damage|p2a: Heatran|44\/100\n|-supereffective|p2a: Heatran\n|-crit|p2a: Heatran\n|-damage|p2a: Heatran|15\/100\n|-hitcount|p2a: Heatran|3\n|move|p2a: Heatran|Lava Plume|p1a: Urshifu\n|-resisted|p1a: Urshifu\n|-damage|p1a: Urshifu|59\/100\n|\n|upkeep\n|turn|22\n|\n|t:|1660616912\n|move|p1a: Urshifu|Surging Strikes|p2a: Heatran\n|-supereffective|p2a: Heatran\n|-crit|p2a: Heatran\n|-damage|p2a: Heatran|0 fnt\n|faint|p2a: Heatran\n|-hitcount|p2: Heatran|1\n|\n|upkeep\n|\n|t:|1660616913\n|switch|p2a: Tornadus|Tornadus-Therian, M|78\/100 tox\n|turn|23\n|\n|t:|1660616915\n|move|p2a: Tornadus|Hurricane|p1a: Urshifu\n|-supereffective|p1a: Urshifu\n|-damage|p1a: Urshifu|0 fnt\n|faint|p1a: Urshifu\n|\n|-damage|p2a: Tornadus|72\/100 tox|[from] psn\n|upkeep\n|\n|t:|1660616916\n|switch|p1a: Bisharp|Bisharp, F|68\/100\n|turn|24\n|\n|t:|1660616918\n|move|p1a: Bisharp|Sucker Punch|p2a: Tornadus\n|-damage|p2a: Tornadus|23\/100 tox\n|-damage|p1a: Bisharp|58\/100|[from] item: Life Orb\n|move|p2a: Tornadus|Heat Wave|p1a: Bisharp\n|-supereffective|p1a: Bisharp\n|-damage|p1a: Bisharp|0 fnt\n|faint|p1a: Bisharp\n|\n|win|Coach Jones 6fifth\n|raw|LT93OQ Shurtugal's rating: 1607 &rarr; <strong>1599<\/strong><br \/>(-8 for losing)\n|raw|Coach Jones 6fifth's rating: 1845 &rarr; <strong>1853<\/strong><br \/>(+8 for winning)\n","uploadtime":1660616922,"views":118,"p1id":"lt93oqshurtugal","p2id":"coachjones6fifth","formatid":"gen8ou","rating":1599,"private":0,"password":null}