{"id":"gen8ou-1162057734","p1":"I'm back from Mars","p2":"Aim for number one","format":"gen8ou","log":"|j|\u2606I'm back from Mars\n|j|\u2606Aim for number one\n|inactive|Battle timer is ON: inactive players will automatically lose when time's up.\n|t:|1596389425\n|player|p1|I'm back from Mars|skierf|\n|player|p2|Aim for number one|ingo|\n|teamsize|p1|6\n|teamsize|p2|6\n|gametype|singles\n|gen|8\n|tier|[Gen 8] OU\n|rated|Tournament battle\n|html|<div class=\"broadcast-blue\"><strong>OU is currently suspecting Magearna! For information on how to participate check out the <a href=\"https:\/\/www.smogon.com\/forums\/threads\/3667669\/\">suspect thread<\/a>.<\/strong><\/div>\n|clearpoke\n|poke|p1|Hippowdon, F|\n|poke|p1|Excadrill, M|\n|poke|p1|Mandibuzz, F|\n|poke|p1|Toxapex, M|\n|poke|p1|Chansey, F|\n|poke|p1|Clefable, F|\n|poke|p2|Hippowdon, F|\n|poke|p2|Mandibuzz, F|\n|poke|p2|Toxapex, M|\n|poke|p2|Magearna|\n|poke|p2|Cinderace, M|\n|poke|p2|Dragapult, F|\n|rule|Sleep Clause Mod: Limit one foe put to sleep\n|rule|Species Clause: Limit one of each Pok\u00e9mon\n|rule|OHKO Clause: OHKO moves are banned\n|rule|Evasion Moves Clause: Evasion moves are banned\n|rule|Endless Battle Clause: Forcing endless battles is banned\n|rule|HP Percentage Mod: HP is shown in percentages\n|rule|Dynamax Clause: You cannot dynamax\n|teampreview\n|j| Sporrty\n|j| Andrei0111\n|c|\u2606Aim for number one|hf\n|c|\u2606I'm back from Mars|hf\n|j| pressure pills\n|j| nooob ninja\n|j| Yungster_Testboi\n|j| Ske\n|j| isheavydead\n|j| the412gang \u32db\n|j| hairdye1\n|\n|t:|1596389446\n|start\n|switch|p1a: Toxapex|Toxapex, M, shiny|100\/100\n|switch|p2a: Magearna|Magearna|100\/100\n|turn|1\n|l| the412gang \u32db\n|\n|t:|1596389449\n|move|p2a: Magearna|Trick|p1a: Toxapex\n|-activate|p2a: Magearna|move: Trick|[of] p1a: Toxapex\n|-item|p1a: Toxapex|Choice Specs|[from] move: Trick\n|-item|p2a: Magearna|Rocky Helmet|[from] move: Trick\n|move|p1a: Toxapex|Knock Off|p2a: Magearna\n|-resisted|p2a: Magearna\n|-damage|p2a: Magearna|94\/100\n|-damage|p1a: Toxapex|84\/100|[from] item: Rocky Helmet|[of] p2a: Magearna\n|-enditem|p2a: Magearna|Rocky Helmet|[from] move: Knock Off|[of] p1a: Toxapex\n|\n|upkeep\n|turn|2\n|\n|t:|1596389455\n|move|p2a: Magearna|Fleur Cannon|p1a: Toxapex\n|-resisted|p1a: Toxapex\n|-crit|p1a: Toxapex\n|-damage|p1a: Toxapex|36\/100\n|-unboost|p2a: Magearna|spa|2\n|move|p1a: Toxapex|Knock Off|p2a: Magearna\n|-resisted|p2a: Magearna\n|-damage|p2a: Magearna|89\/100\n|\n|upkeep\n|turn|3\n|\n|t:|1596389459\n|switch|p1a: Excadrill|Excadrill, M, shiny|100\/100\n|move|p2a: Magearna|Fleur Cannon|p1a: Excadrill|[miss]\n|-miss|p2a: Magearna|p1a: Excadrill\n|\n|upkeep\n|turn|4\n|\n|t:|1596389465\n|switch|p1a: Hippowdon|Hippowdon, F|100\/100\n|-weather|Sandstorm|[from] ability: Sand Stream|[of] p1a: Hippowdon\n|switch|p2a: Hippowdon|Hippowdon, F|100\/100\n|\n|-weather|Sandstorm|[upkeep]\n|upkeep\n|turn|5\n|\n|t:|1596389475\n|move|p2a: Hippowdon|Toxic|p1a: Hippowdon\n|-status|p1a: Hippowdon|tox\n|move|p1a: Hippowdon|Toxic|p2a: Hippowdon\n|-status|p2a: Hippowdon|tox\n|\n|-weather|Sandstorm|[upkeep]\n|-damage|p1a: Hippowdon|94\/100 tox|[from] psn\n|-damage|p2a: Hippowdon|94\/100 tox|[from] psn\n|upkeep\n|turn|6\n|\n|t:|1596389478\n|move|p2a: Hippowdon|Stealth Rock|p1a: Hippowdon\n|-sidestart|p1: I'm back from Mars|move: Stealth Rock\n|move|p1a: Hippowdon|Stealth Rock|p2a: Hippowdon\n|-sidestart|p2: Aim for number one|move: Stealth Rock\n|\n|-weather|Sandstorm|[upkeep]\n|-damage|p1a: Hippowdon|82\/100 tox|[from] psn\n|-damage|p2a: Hippowdon|82\/100 tox|[from] psn\n|upkeep\n|turn|7\n|c| isheavydead|trade those rocks\n|\n|t:|1596389484\n|switch|p1a: Clefable|Clefable, F|100\/100\n|switch|p2a: Toxapex|Toxapex, M|100\/100\n|-damage|p2a: Toxapex|88\/100|[from] Stealth Rock\n|\n|-weather|Sandstorm|[upkeep]\n|-damage|p2a: Toxapex|82\/100|[from] Sandstorm\n|-heal|p2a: Toxapex|88\/100|[from] item: Black Sludge\n|upkeep\n|turn|8\n|\n|t:|1596389494\n|move|p1a: Clefable|Thunder|p2a: Toxapex\n|-supereffective|p2a: Toxapex\n|-damage|p2a: Toxapex|35\/100\n|-status|p2a: Toxapex|par\n|cant|p2a: Toxapex|par\n|\n|-weather|Sandstorm|[upkeep]\n|-damage|p2a: Toxapex|29\/100 par|[from] Sandstorm\n|-heal|p2a: Toxapex|35\/100 par|[from] item: Black Sludge\n|upkeep\n|turn|9\n|\n|t:|1596389507\n|switch|p2a: Magearna|Magearna|89\/100\n|-damage|p2a: Magearna|83\/100|[from] Stealth Rock\n|move|p1a: Clefable|Calm Mind|p1a: Clefable\n|-boost|p1a: Clefable|spa|1\n|-boost|p1a: Clefable|spd|1\n|\n|-weather|Sandstorm|[upkeep]\n|upkeep\n|turn|10\n|\n|t:|1596389515\n|switch|p1a: Excadrill|Excadrill, M, shiny|100\/100\n|-damage|p1a: Excadrill|97\/100|[from] Stealth Rock\n|move|p2a: Magearna|Flash Cannon|p1a: Excadrill\n|-resisted|p1a: Excadrill\n|-crit|p1a: Excadrill\n|-damage|p1a: Excadrill|56\/100\n|\n|-weather|Sandstorm|[upkeep]\n|-heal|p1a: Excadrill|62\/100|[from] item: Leftovers\n|upkeep\n|turn|11\n|\n|t:|1596389525\n|switch|p2a: Dragapult|Dragapult, F|100\/100\n|-damage|p2a: Dragapult|88\/100|[from] Stealth Rock\n|move|p1a: Excadrill|Earthquake|p2a: Dragapult\n|-damage|p2a: Dragapult|11\/100\n|\n|-weather|none\n|-heal|p1a: Excadrill|68\/100|[from] item: Leftovers\n|upkeep\n|turn|12\n|j| Fitchlove1\n|\n|t:|1596389543\n|switch|p1a: Chansey|Chansey, F|100\/100\n|-damage|p1a: Chansey|88\/100|[from] Stealth Rock\n|move|p2a: Dragapult|Thunder Wave|p1a: Chansey\n|-status|p1a: Chansey|par\n|\n|upkeep\n|turn|13\n|inactive|I'm back from Mars has 120 seconds left.\n|\n|t:|1596389569\n|switch|p2a: Toxapex|Toxapex, M|68\/100 par\n|-damage|p2a: Toxapex|56\/100 par|[from] Stealth Rock\n|move|p1a: Chansey|Thunder Wave|p2a: Toxapex\n|-fail|p2a: Toxapex|par\n|\n|-heal|p2a: Toxapex|62\/100 par|[from] item: Black Sludge\n|upkeep\n|turn|14\n|\n|t:|1596389577\n|switch|p1a: Toxapex|Toxapex, M, shiny|69\/100\n|-damage|p1a: Toxapex|57\/100|[from] Stealth Rock\n|move|p2a: Toxapex|Scald|p1a: Toxapex\n|-resisted|p1a: Toxapex\n|-damage|p1a: Toxapex|50\/100\n|\n|-heal|p2a: Toxapex|68\/100 par|[from] item: Black Sludge\n|upkeep\n|turn|15\n|\n|t:|1596389584\n|move|p1a: Toxapex|Knock Off|p2a: Toxapex\n|-damage|p2a: Toxapex|58\/100 par\n|-enditem|p2a: Toxapex|Black Sludge|[from] move: Knock Off|[of] p1a: Toxapex\n|move|p2a: Toxapex|Scald|p1a: Toxapex\n|-resisted|p1a: Toxapex\n|-crit|p1a: Toxapex\n|-damage|p1a: Toxapex|39\/100\n|-status|p1a: Toxapex|brn\n|\n|-damage|p1a: Toxapex|33\/100 brn|[from] brn\n|upkeep\n|turn|16\n|\n|t:|1596389590\n|switch|p1a: Clefable|Clefable, F|100\/100\n|move|p2a: Toxapex|Knock Off|p1a: Clefable\n|-resisted|p1a: Clefable\n|-crit|p1a: Clefable\n|-damage|p1a: Clefable|92\/100\n|-enditem|p1a: Clefable|Life Orb|[from] move: Knock Off|[of] p2a: Toxapex\n|\n|upkeep\n|turn|17\n|\n|t:|1596389600\n|switch|p2a: Magearna|Magearna|83\/100\n|-damage|p2a: Magearna|77\/100|[from] Stealth Rock\n|move|p1a: Clefable|Moonblast|p2a: Magearna\n|-resisted|p2a: Magearna\n|-damage|p2a: Magearna|61\/100\n|-unboost|p2a: Magearna|spa|1\n|\n|upkeep\n|turn|18\n|\n|t:|1596389611\n|switch|p2a: big C|Cinderace, M|100\/100\n|switch|p1a: Excadrill|Excadrill, M, shiny|68\/100\n|-damage|p1a: Excadrill|65\/100|[from] Stealth Rock\n|\n|-heal|p1a: Excadrill|71\/100|[from] item: Leftovers\n|upkeep\n|turn|19\n|\n|t:|1596389621\n|switch|p1a: Mandibuzz|Mandibuzz, F|100\/100\n|move|p2a: big C|Bulk Up|p2a: big C\n|-start|p2a: big C|typechange|Fighting|[from] ability: Libero\n|-boost|p2a: big C|atk|1\n|-boost|p2a: big C|def|1\n|\n|upkeep\n|turn|20\n|c| isheavydead|wuh oh\n|\n|t:|1596389629\n|switch|p1a: Hippowdon|Hippowdon, F|82\/100 tox\n|-damage|p1a: Hippowdon|76\/100 tox|[from] Stealth Rock\n|-weather|Sandstorm|[from] ability: Sand Stream|[of] p1a: Hippowdon\n|move|p2a: big C|U-turn|p1a: Hippowdon\n|-start|p2a: big C|typechange|Bug|[from] ability: Libero\n|-damage|p1a: Hippowdon|45\/100 tox\n|\n|t:|1596389634\n|switch|p2a: Magearna|Magearna|61\/100|[from]move: U-turn\n|-damage|p2a: Magearna|55\/100|[from] Stealth Rock\n|\n|-weather|Sandstorm|[upkeep]\n|-damage|p1a: Hippowdon|39\/100 tox|[from] psn\n|upkeep\n|turn|21\n|\n|t:|1596389639\n|switch|p1a: Excadrill|Excadrill, M, shiny|71\/100\n|-damage|p1a: Excadrill|68\/100|[from] Stealth Rock\n|move|p2a: Magearna|Fleur Cannon|p1a: Excadrill|[miss]\n|-miss|p2a: Magearna|p1a: Excadrill\n|\n|-weather|Sandstorm|[upkeep]\n|-heal|p1a: Excadrill|74\/100|[from] item: Leftovers\n|upkeep\n|turn|22\n|\n|t:|1596389651\n|switch|p2a: Mandibuzz|Mandibuzz, F|100\/100\n|move|p1a: Excadrill|Rapid Spin|p2a: Mandibuzz\n|-damage|p2a: Mandibuzz|85\/100\n|-boost|p1a: Excadrill|spe|1\n|-sideend|p1: I'm back from Mars|Stealth Rock|[from] move: Rapid Spin|[of] p1a: Excadrill\n|\n|-weather|Sandstorm|[upkeep]\n|-heal|p1a: Excadrill|80\/100|[from] item: Leftovers\n|upkeep\n|turn|23\n|\n|t:|1596389664\n|switch|p1a: Clefable|Clefable, F|92\/100\n|move|p2a: Mandibuzz|Defog|p1a: Clefable\n|-unboost|p1a: Clefable|evasion|1\n|-sideend|p2: Aim for number one|Stealth Rock|[from] move: Defog|[of] p2a: Mandibuzz\n|\n|-weather|Sandstorm|[upkeep]\n|upkeep\n|turn|24\n|\n|t:|1596389674\n|move|p2a: Mandibuzz|U-turn|p1a: Clefable\n|-resisted|p1a: Clefable\n|-damage|p1a: Clefable|87\/100\n|\n|t:|1596389681\n|switch|p2a: Toxapex|Toxapex, M|92\/100 par|[from]move: U-turn\n|move|p1a: Clefable|Thunder|p2a: Toxapex\n|-supereffective|p2a: Toxapex\n|-damage|p2a: Toxapex|53\/100 par\n|\n|-weather|Sandstorm|[upkeep]\n|-damage|p2a: Toxapex|47\/100 par|[from] Sandstorm\n|upkeep\n|turn|25\n|\n|t:|1596389689\n|switch|p2a: Hippowdon|Hippowdon, F|82\/100 tox\n|move|p1a: Clefable|Calm Mind|p1a: Clefable\n|-boost|p1a: Clefable|spa|1\n|-boost|p1a: Clefable|spd|1\n|\n|-weather|Sandstorm|[upkeep]\n|-damage|p2a: Hippowdon|76\/100 tox|[from] psn\n|upkeep\n|turn|26\n|\n|t:|1596389693\n|move|p1a: Clefable|Calm Mind|p1a: Clefable\n|-boost|p1a: Clefable|spa|1\n|-boost|p1a: Clefable|spd|1\n|move|p2a: Hippowdon|Stealth Rock|p1a: Clefable\n|-sidestart|p1: I'm back from Mars|move: Stealth Rock\n|\n|-weather|Sandstorm|[upkeep]\n|-damage|p2a: Hippowdon|63\/100 tox|[from] psn\n|upkeep\n|turn|27\n|\n|t:|1596389698\n|move|p1a: Clefable|Moonblast|p2a: Hippowdon\n|-damage|p2a: Hippowdon|2\/100 tox\n|move|p2a: Hippowdon|Earthquake|p1a: Clefable\n|-damage|p1a: Clefable|55\/100\n|\n|-weather|none\n|-damage|p2a: Hippowdon|0 fnt|[from] psn\n|faint|p2a: Hippowdon\n|upkeep\n|\n|t:|1596389703\n|switch|p2a: big C|Cinderace, M|100\/100\n|turn|28\n|\n|t:|1596389713\n|move|p2a: big C|Pyro Ball|p1a: Clefable\n|-damage|p1a: Clefable|8\/100\n|move|p1a: Clefable|Moonblast|p2a: big C\n|-resisted|p2a: big C\n|-damage|p2a: big C|57\/100\n|-unboost|p2a: big C|spa|1\n|\n|upkeep\n|turn|29\n|j| Sirfight Glum\n|l| Sirfight Glum\n|j| bike mike\n|\n|t:|1596389737\n|move|p2a: big C|U-turn|p1a: Clefable\n|-start|p2a: big C|typechange|Bug|[from] ability: Libero\n|-resisted|p1a: Clefable\n|-damage|p1a: Clefable|0 fnt\n|faint|p1a: Clefable\n|\n|t:|1596389741\n|switch|p2a: Dragapult|Dragapult, F|11\/100|[from]move: U-turn\n|\n|upkeep\n|\n|t:|1596389750\n|switch|p1a: Mandibuzz|Mandibuzz, F|100\/100\n|turn|30\n|\n|t:|1596389755\n|move|p2a: Dragapult|Dragon Darts|p1a: Mandibuzz\n|-damage|p1a: Mandibuzz|75\/100\n|-anim|p2a: Dragapult|Dragon Darts|p1a: Mandibuzz\n|-damage|p1a: Mandibuzz|52\/100\n|move|p1a: Mandibuzz|Knock Off|p2a: Dragapult\n|-supereffective|p2a: Dragapult\n|-damage|p2a: Dragapult|0 fnt\n|-enditem|p2a: Dragapult|Choice Band|[from] move: Knock Off|[of] p1a: Mandibuzz\n|faint|p2a: Dragapult\n|\n|upkeep\n|\n|t:|1596389763\n|switch|p2a: Magearna|Magearna|55\/100\n|turn|31\n|\n|t:|1596389769\n|switch|p1a: Excadrill|Excadrill, M, shiny|80\/100\n|-damage|p1a: Excadrill|77\/100|[from] Stealth Rock\n|move|p2a: Magearna|Flash Cannon|p1a: Excadrill\n|-resisted|p1a: Excadrill\n|-damage|p1a: Excadrill|46\/100\n|-unboost|p1a: Excadrill|spd|1\n|\n|-heal|p1a: Excadrill|52\/100|[from] item: Leftovers\n|upkeep\n|turn|32\n|\n|t:|1596389791\n|switch|p2a: Mandibuzz|Mandibuzz, F|85\/100\n|move|p1a: Excadrill|Iron Head|p2a: Mandibuzz\n|-damage|p2a: Mandibuzz|48\/100\n|\n|-heal|p1a: Excadrill|58\/100|[from] item: Leftovers\n|upkeep\n|turn|33\n|\n|t:|1596389799\n|switch|p1a: Hippowdon|Hippowdon, F|39\/100 tox\n|-damage|p1a: Hippowdon|32\/100 tox|[from] Stealth Rock\n|-weather|Sandstorm|[from] ability: Sand Stream|[of] p1a: Hippowdon\n|move|p2a: Mandibuzz|Foul Play|p1a: Hippowdon\n|-damage|p1a: Hippowdon|14\/100 tox\n|\n|-weather|Sandstorm|[upkeep]\n|-damage|p1a: Hippowdon|7\/100 tox|[from] psn\n|upkeep\n|turn|34\n|\n|t:|1596389822\n|switch|p1a: Chansey|Chansey, F|88\/100\n|-damage|p1a: Chansey|76\/100|[from] Stealth Rock\n|move|p2a: Mandibuzz|Roost|p2a: Mandibuzz\n|-heal|p2a: Mandibuzz|98\/100\n|-singleturn|p2a: Mandibuzz|move: Roost\n|\n|-weather|Sandstorm|[upkeep]\n|-damage|p1a: Chansey|70\/100|[from] Sandstorm\n|upkeep\n|turn|35\n|c|\u2606Aim for number one|that exca should be so dead by now\n|c|\u2606I'm back from Mars|?\n|inactive|I'm back from Mars has 120 seconds left.\n|\n|t:|1596389847\n|move|p2a: Mandibuzz|U-turn|p1a: Chansey\n|-damage|p1a: Chansey|62\/100\n|c|\u2606Aim for number one|i miss two fleurs\n|\n|t:|1596389850\n|switch|p2a: Toxapex|Toxapex, M|80\/100 par|[from]move: U-turn\n|move|p1a: Chansey|Seismic Toss|p2a: Toxapex\n|-damage|p2a: Toxapex|47\/100 par\n|\n|-weather|Sandstorm|[upkeep]\n|-damage|p1a: Chansey|56\/100|[from] Sandstorm\n|-damage|p2a: Toxapex|41\/100 par|[from] Sandstorm\n|upkeep\n|turn|36\n|l| bike mike\n|c|\u2606I'm back from Mars|had you hit them\n|inactive|I'm back from Mars has 120 seconds left.\n|c|\u2606I'm back from Mars|i would have not let exca die\n|c|\u2606Aim for number one|yep\n|inactive|I'm back from Mars has 90 seconds left.\n|\n|t:|1596389902\n|move|p1a: Chansey|Seismic Toss|p2a: Toxapex\n|-damage|p2a: Toxapex|8\/100 par\n|move|p2a: Toxapex|Knock Off|p1a: Chansey\n|-damage|p1a: Chansey|46\/100\n|-enditem|p1a: Chansey|Eviolite|[from] move: Knock Off|[of] p2a: Toxapex\n|\n|-weather|Sandstorm|[upkeep]\n|-damage|p1a: Chansey|40\/100|[from] Sandstorm\n|-damage|p2a: Toxapex|1\/100 par|[from] Sandstorm\n|upkeep\n|turn|37\n|inactive|I'm back from Mars has 90 seconds left.\n|\n|t:|1596389909\n|move|p1a: Chansey|Thunder Wave|p2a: Toxapex\n|-fail|p2a: Toxapex|par\n|move|p2a: Toxapex|Recover|p2a: Toxapex\n|-heal|p2a: Toxapex|51\/100 par\n|\n|-weather|Sandstorm|[upkeep]\n|-damage|p1a: Chansey|34\/100|[from] Sandstorm\n|-damage|p2a: Toxapex|45\/100 par|[from] Sandstorm\n|upkeep\n|turn|38\n|l| Ske\n|\n|t:|1596389916\n|move|p1a: Chansey|Soft-Boiled|p1a: Chansey\n|-heal|p1a: Chansey|84\/100\n|move|p2a: Toxapex|Recover|p2a: Toxapex\n|-heal|p2a: Toxapex|95\/100 par\n|\n|-weather|Sandstorm|[upkeep]\n|-damage|p1a: Chansey|77\/100|[from] Sandstorm\n|-damage|p2a: Toxapex|89\/100 par|[from] Sandstorm\n|upkeep\n|turn|39\n|\n|t:|1596389921\n|move|p1a: Chansey|Seismic Toss|p2a: Toxapex\n|-damage|p2a: Toxapex|56\/100 par\n|cant|p2a: Toxapex|par\n|\n|-weather|Sandstorm|[upkeep]\n|-damage|p1a: Chansey|71\/100|[from] Sandstorm\n|-damage|p2a: Toxapex|50\/100 par|[from] Sandstorm\n|upkeep\n|turn|40\n|\n|t:|1596389925\n|move|p1a: Chansey|Seismic Toss|p2a: Toxapex\n|-damage|p2a: Toxapex|17\/100 par\n|move|p2a: Toxapex|Recover|p2a: Toxapex\n|-heal|p2a: Toxapex|67\/100 par\n|\n|-weather|none\n|upkeep\n|turn|41\n|\n|t:|1596389929\n|move|p1a: Chansey|Seismic Toss|p2a: Toxapex\n|-damage|p2a: Toxapex|34\/100 par\n|move|p2a: Toxapex|Scald|p1a: Chansey\n|-damage|p1a: Chansey|63\/100\n|\n|upkeep\n|turn|42\n|\n|t:|1596389934\n|switch|p2a: Mandibuzz|Mandibuzz, F|98\/100\n|move|p1a: Chansey|Seismic Toss|p2a: Mandibuzz\n|-damage|p2a: Mandibuzz|74\/100\n|\n|upkeep\n|turn|43\n|\n|t:|1596389939\n|move|p2a: Mandibuzz|U-turn|p1a: Chansey\n|-damage|p1a: Chansey|52\/100\n|\n|t:|1596389941\n|switch|p2a: Toxapex|Toxapex, M|67\/100 par|[from]move: U-turn\n|move|p1a: Chansey|Soft-Boiled|p1a: Chansey\n|-heal|p1a: Chansey|100\/100\n|\n|upkeep\n|turn|44\n|\n|t:|1596389946\n|move|p1a: Chansey|Seismic Toss|p2a: Toxapex\n|-damage|p2a: Toxapex|34\/100 par\n|move|p2a: Toxapex|Recover|p2a: Toxapex\n|-heal|p2a: Toxapex|84\/100 par\n|\n|upkeep\n|turn|45\n|\n|t:|1596389949\n|move|p1a: Chansey|Seismic Toss|p2a: Toxapex\n|-damage|p2a: Toxapex|51\/100 par\n|move|p2a: Toxapex|Scald|p1a: Chansey\n|-damage|p1a: Chansey|93\/100\n|-status|p1a: Chansey|brn\n|\n|-damage|p1a: Chansey|87\/100 brn|[from] brn\n|upkeep\n|turn|46\n|\n|t:|1596389964\n|-curestatus|p1a: Chansey|brn|[from] ability: Natural Cure\n|switch|p1a: Hippowdon|Hippowdon, F|7\/100 tox\n|-damage|p1a: Hippowdon|1\/100 tox|[from] Stealth Rock\n|-weather|Sandstorm|[from] ability: Sand Stream|[of] p1a: Hippowdon\n|move|p2a: Toxapex|Recover|p2a: Toxapex\n|-heal|p2a: Toxapex|100\/100 par\n|\n|-weather|Sandstorm|[upkeep]\n|-damage|p2a: Toxapex|94\/100 par|[from] Sandstorm\n|-damage|p1a: Hippowdon|0 fnt|[from] psn\n|faint|p1a: Hippowdon\n|upkeep\n|\n|t:|1596389966\n|switch|p1a: Excadrill|Excadrill, M, shiny|58\/100\n|-damage|p1a: Excadrill|55\/100|[from] Stealth Rock\n|turn|47\n|\n|t:|1596389970\n|move|p1a: Excadrill|Earthquake|p2a: Toxapex\n|-supereffective|p2a: Toxapex\n|-damage|p2a: Toxapex|17\/100 par\n|move|p2a: Toxapex|Scald|p1a: Excadrill\n|-supereffective|p1a: Excadrill\n|-damage|p1a: Excadrill|10\/100\n|-status|p1a: Excadrill|brn\n|\n|-weather|Sandstorm|[upkeep]\n|-damage|p2a: Toxapex|11\/100 par|[from] Sandstorm\n|-heal|p1a: Excadrill|16\/100 brn|[from] item: Leftovers\n|-damage|p1a: Excadrill|10\/100 brn|[from] brn\n|upkeep\n|turn|48\n|\n|t:|1596389979\n|switch|p2a: Mandibuzz|Mandibuzz, F|74\/100\n|move|p1a: Excadrill|Iron Head|p2a: Mandibuzz\n|-damage|p2a: Mandibuzz|57\/100\n|\n|-weather|Sandstorm|[upkeep]\n|-heal|p1a: Excadrill|16\/100 brn|[from] item: Leftovers\n|-damage|p1a: Excadrill|10\/100 brn|[from] brn\n|upkeep\n|turn|49\n|\n|t:|1596389984\n|move|p1a: Excadrill|Rock Slide|p2a: Mandibuzz\n|-supereffective|p2a: Mandibuzz\n|-damage|p2a: Mandibuzz|36\/100\n|cant|p2a: Mandibuzz|flinch\n|\n|-weather|Sandstorm|[upkeep]\n|-heal|p1a: Excadrill|16\/100 brn|[from] item: Leftovers\n|-damage|p1a: Excadrill|10\/100 brn|[from] brn\n|upkeep\n|turn|50\n|\n|t:|1596389990\n|move|p1a: Excadrill|Rock Slide|p2a: Mandibuzz|[miss]\n|-miss|p1a: Excadrill|p2a: Mandibuzz\n|move|p2a: Mandibuzz|Foul Play|p1a: Excadrill\n|-damage|p1a: Excadrill|0 fnt\n|faint|p1a: Excadrill\n|\n|-weather|Sandstorm|[upkeep]\n|upkeep\n|c| isheavydead|bruh that burn\n|c|\u2606I'm back from Mars|gg\n|-message|I'm back from Mars forfeited.\n|\n|win|Aim for number one\n","uploadtime":1596390008,"views":22,"p1id":"imbackfrommars","p2id":"aimfornumberone","formatid":"gen8ou","rating":0,"private":0,"password":null}