{"id":"gen8ou-1438699849","p1":"Imsobaked","p2":"Buhrito","format":"gen8ou","log":"|j|\u2606Imsobaked\n|j|\u2606Buhrito\n|t:|1634702149\n|gametype|singles\n|player|p1|Imsobaked|hiker-gen4|1425\n|player|p2|Buhrito|preschooler|1445\n|teamsize|p1|6\n|teamsize|p2|6\n|gen|8\n|tier|[Gen 8] OU\n|rated|\n|rule|Sleep Clause Mod: Limit one foe put to sleep\n|rule|Species Clause: Limit one of each Pok\u00e9mon\n|rule|OHKO Clause: OHKO moves are banned\n|rule|Evasion Moves Clause: Evasion moves are banned\n|rule|Endless Battle Clause: Forcing endless battles is banned\n|rule|HP Percentage Mod: HP is shown in percentages\n|rule|Dynamax Clause: You cannot dynamax\n|clearpoke\n|poke|p1|Clefable, M|\n|poke|p1|Dragapult, F|\n|poke|p1|Buzzwole|\n|poke|p1|Kyurem|\n|poke|p1|Corviknight, M|\n|poke|p1|Slowbro, F|\n|poke|p2|Cloyster, M|\n|poke|p2|Torkoal, M|\n|poke|p2|Corviknight, F|\n|poke|p2|Chansey, F|\n|poke|p2|Venusaur, M|\n|poke|p2|Garchomp, F|\n|teampreview\n|\n|t:|1634702154\n|start\n|switch|p1a: Dragapult|Dragapult, F|100\/100\n|switch|p2a: Torkoal|Torkoal, M|100\/100\n|-weather|SunnyDay|[from] ability: Drought|[of] p2a: Torkoal\n|turn|1\n|\n|t:|1634702161\n|switch|p2a: Corviknight|Corviknight, F|100\/100\n|-ability|p2a: Corviknight|Pressure\n|move|p1a: Dragapult|Shadow Ball|p2a: Corviknight\n|-damage|p2a: Corviknight|52\/100\n|\n|-weather|SunnyDay|[upkeep]\n|upkeep\n|turn|2\n|\n|t:|1634702163\n|switch|p2a: Chansey|Chansey, F|100\/100\n|move|p1a: Dragapult|Shadow Ball|p2a: Chansey\n|-immune|p2a: Chansey\n|\n|-weather|SunnyDay|[upkeep]\n|upkeep\n|turn|3\n|\n|t:|1634702168\n|switch|p1a: Corviknight|Corviknight, M|100\/100\n|move|p2a: Chansey|Stealth Rock|p1a: Corviknight\n|-sidestart|p1: Imsobaked|move: Stealth Rock\n|\n|-weather|SunnyDay|[upkeep]\n|upkeep\n|turn|4\n|\n|t:|1634702170\n|switch|p2a: Torkoal|Torkoal, M|100\/100\n|move|p1a: Corviknight|Defog|p2a: Torkoal\n|-unboost|p2a: Torkoal|evasion|1\n|-sideend|p1: Imsobaked|Stealth Rock|[from] move: Defog|[of] p1a: Corviknight\n|\n|-weather|SunnyDay|[upkeep]\n|upkeep\n|turn|5\n|\n|t:|1634702174\n|switch|p1a: Slowbro|Slowbro, F|100\/100\n|move|p2a: Torkoal|Toxic|p1a: Slowbro\n|-status|p1a: Slowbro|tox\n|\n|-weather|SunnyDay|[upkeep]\n|-damage|p1a: Slowbro|94\/100 tox|[from] psn\n|upkeep\n|turn|6\n|\n|t:|1634702179\n|switch|p2a: Chansey|Chansey, F|100\/100\n|move|p1a: Slowbro|Psyshock|p2a: Chansey\n|-damage|p2a: Chansey|81\/100\n|\n|-weather|SunnyDay|[upkeep]\n|-damage|p1a: Slowbro|82\/100 tox|[from] psn\n|upkeep\n|turn|7\n|\n|t:|1634702185\n|switch|p1a: Buzzwole|Buzzwole|100\/100\n|move|p2a: Chansey|Stealth Rock|p1a: Buzzwole\n|-sidestart|p1: Imsobaked|move: Stealth Rock\n|\n|-weather|SunnyDay|[upkeep]\n|upkeep\n|turn|8\n|\n|t:|1634702196\n|switch|p2a: Corviknight|Corviknight, F|52\/100\n|-ability|p2a: Corviknight|Pressure\n|move|p1a: Buzzwole|Close Combat|p2a: Corviknight\n|-damage|p2a: Corviknight|14\/100\n|-unboost|p1a: Buzzwole|def|1\n|-unboost|p1a: Buzzwole|spd|1\n|-damage|p1a: Buzzwole|84\/100|[from] item: Rocky Helmet|[of] p2a: Corviknight\n|\n|-weather|none\n|upkeep\n|turn|9\n|\n|t:|1634702203\n|switch|p2a: Torkoal|Torkoal, M|100\/100\n|-weather|SunnyDay|[from] ability: Drought|[of] p2a: Torkoal\n|move|p1a: Buzzwole|Close Combat|p2a: Torkoal\n|-damage|p2a: Torkoal|62\/100\n|-unboost|p1a: Buzzwole|def|1\n|-unboost|p1a: Buzzwole|spd|1\n|\n|-weather|SunnyDay|[upkeep]\n|upkeep\n|turn|10\n|\n|t:|1634702210\n|switch|p1a: Corviknight|Corviknight, M|100\/100\n|-damage|p1a: Corviknight|88\/100|[from] Stealth Rock\n|switch|p2a: Venusaur|Venusaur, M|100\/100\n|\n|-weather|SunnyDay|[upkeep]\n|upkeep\n|turn|11\n|\n|t:|1634702214\n|switch|p1a: Slowbro|Slowbro, F|100\/100 tox\n|-damage|p1a: Slowbro|88\/100 tox|[from] Stealth Rock\n|move|p2a: Venusaur|Weather Ball|p1a: Slowbro\n|-resisted|p1a: Slowbro\n|-damage|p1a: Slowbro|73\/100 tox\n|-damage|p2a: Venusaur|91\/100|[from] item: Life Orb\n|\n|-weather|SunnyDay|[upkeep]\n|-damage|p1a: Slowbro|67\/100 tox|[from] psn\n|upkeep\n|turn|12\n|\n|t:|1634702223\n|move|p2a: Venusaur|Giga Drain|p1a: Slowbro\n|-supereffective|p1a: Slowbro\n|-damage|p1a: Slowbro|22\/100 tox\n|-heal|p2a: Venusaur|100\/100|[from] drain|[of] p1a: Slowbro\n|-damage|p2a: Venusaur|91\/100|[from] item: Life Orb\n|move|p1a: Slowbro|Psyshock|p2a: Venusaur\n|-supereffective|p2a: Venusaur\n|-damage|p2a: Venusaur|18\/100\n|\n|-weather|SunnyDay|[upkeep]\n|-damage|p1a: Slowbro|10\/100 tox|[from] psn\n|upkeep\n|turn|13\n|\n|t:|1634702237\n|move|p2a: Venusaur|Weather Ball|p1a: Slowbro\n|-resisted|p1a: Slowbro\n|-damage|p1a: Slowbro|0 fnt\n|faint|p1a: Slowbro\n|-damage|p2a: Venusaur|8\/100|[from] item: Life Orb\n|\n|-weather|SunnyDay|[upkeep]\n|upkeep\n|\n|t:|1634702279\n|switch|p1a: Dragapult|Dragapult, F|100\/100\n|-damage|p1a: Dragapult|88\/100|[from] Stealth Rock\n|turn|14\n|\n|t:|1634702300\n|move|p2a: Venusaur|Earth Power|p1a: Dragapult\n|-damage|p1a: Dragapult|37\/100\n|-damage|p2a: Venusaur|0 fnt|[from] item: Life Orb\n|faint|p2a: Venusaur\n|move|p1a: Dragapult|Shadow Ball|p2: Venusaur|[notarget]\n|-fail|p1a: Dragapult\n|\n|-weather|SunnyDay|[upkeep]\n|upkeep\n|\n|t:|1634702306\n|switch|p2a: Chansey|Chansey, F|81\/100\n|turn|15\n|\n|t:|1634702310\n|switch|p1a: Corviknight|Corviknight, M|88\/100\n|-damage|p1a: Corviknight|76\/100|[from] Stealth Rock\n|switch|p2a: Cloyster|Cloyster, M|100\/100\n|\n|-weather|SunnyDay|[upkeep]\n|upkeep\n|turn|16\n|\n|t:|1634702319\n|move|p2a: Cloyster|Weather Ball|p1a: Corviknight\n|-supereffective|p1a: Corviknight\n|-damage|p1a: Corviknight|14\/100\n|move|p1a: Corviknight|Body Press|p2a: Cloyster\n|-supereffective|p2a: Cloyster\n|-damage|p2a: Cloyster|52\/100\n|\n|-weather|none\n|upkeep\n|turn|17\n|\n|t:|1634702327\n|move|p2a: Cloyster|Icicle Spear|p1a: Corviknight\n|-damage|p1a: Corviknight|7\/100\n|-damage|p1a: Corviknight|1\/100\n|-damage|p1a: Corviknight|0 fnt\n|faint|p1a: Corviknight\n|-hitcount|p1: Corviknight|3\n|\n|upkeep\n|\n|t:|1634702335\n|switch|p1a: Buzzwole|Buzzwole|84\/100\n|-damage|p1a: Buzzwole|71\/100|[from] Stealth Rock\n|turn|18\n|\n|t:|1634702358\n|move|p1a: Buzzwole|Close Combat|p2a: Cloyster\n|-supereffective|p2a: Cloyster\n|-damage|p2a: Cloyster|0 fnt\n|-unboost|p1a: Buzzwole|def|1\n|-unboost|p1a: Buzzwole|spd|1\n|faint|p2a: Cloyster\n|-ability|p1a: Buzzwole|Beast Boost|boost\n|-boost|p1a: Buzzwole|atk|1\n|\n|upkeep\n|\n|t:|1634702361\n|switch|p2a: Torkoal|Torkoal, M|62\/100\n|-weather|SunnyDay|[from] ability: Drought|[of] p2a: Torkoal\n|turn|19\n|\n|t:|1634702365\n|move|p1a: Buzzwole|Close Combat|p2a: Torkoal\n|-damage|p2a: Torkoal|0 fnt\n|-unboost|p1a: Buzzwole|def|1\n|-unboost|p1a: Buzzwole|spd|1\n|faint|p2a: Torkoal\n|-ability|p1a: Buzzwole|Beast Boost|boost\n|-boost|p1a: Buzzwole|atk|1\n|\n|-weather|SunnyDay|[upkeep]\n|upkeep\n|\n|t:|1634702368\n|switch|p2a: Garchomp|Garchomp, F|100\/100\n|turn|20\n|\n|t:|1634702371\n|move|p1a: Buzzwole|Close Combat|p2a: Garchomp\n|-damage|p2a: Garchomp|0 fnt\n|-unboost|p1a: Buzzwole|def|1\n|-unboost|p1a: Buzzwole|spd|1\n|-damage|p1a: Buzzwole|59\/100|[from] ability: Rough Skin|[of] p2a: Garchomp\n|faint|p2a: Garchomp\n|-ability|p1a: Buzzwole|Beast Boost|boost\n|-boost|p1a: Buzzwole|atk|1\n|\n|-weather|SunnyDay|[upkeep]\n|upkeep\n|c|\u2606Imsobaked|gg\n|-message|Buhrito forfeited.\n|\n|win|Imsobaked\n|raw|Imsobaked's rating: 1425 &rarr; <strong>1446<\/strong><br \/>(+21 for winning)\n|raw|Buhrito's rating: 1445 &rarr; <strong>1424<\/strong><br \/>(-21 for losing)\n|l|\u2606Buhrito\n","uploadtime":1634702381,"views":43,"p1id":"imsobaked","p2id":"buhrito","formatid":"gen8ou","rating":1424,"private":0,"password":null}