{"id":"gen8ou-1173248294","p1":"relic stone","p2":"LT73IU regnite","format":"gen8ou","log":"|raw|<div class=\"broadcast-blue\"><strong>This battle is required to be public due to a player having a name prefixed by 'LT73IU'.<\/div>\n|j|\u2606relic stone\n|j|\u2606LT73IU regnite\n|t:|1598084338\n|player|p1|relic stone|lusamine-nihilego|1864\n|player|p2|LT73IU regnite|blue-gen2|1679\n|teamsize|p1|6\n|teamsize|p2|6\n|gametype|singles\n|gen|8\n|tier|[Gen 8] OU\n|rated|\n|clearpoke\n|poke|p1|Alakazam, M|\n|poke|p1|Gastrodon, M|\n|poke|p1|Corviknight, M|\n|poke|p1|Tyranitar, M|\n|poke|p1|Magnezone|\n|poke|p1|Amoonguss, M|\n|poke|p2|Dragapult, M|\n|poke|p2|Clefable, F|\n|poke|p2|Slowbro-Galar, M|\n|poke|p2|Blissey, F|\n|poke|p2|Toxapex, F|\n|poke|p2|Rillaboom, F|\n|rule|Sleep Clause Mod: Limit one foe put to sleep\n|rule|Species Clause: Limit one of each Pok\u00e9mon\n|rule|OHKO Clause: OHKO moves are banned\n|rule|Evasion Moves Clause: Evasion moves are banned\n|rule|Endless Battle Clause: Forcing endless battles is banned\n|rule|HP Percentage Mod: HP is shown in percentages\n|rule|Dynamax Clause: You cannot dynamax\n|teampreview\n|c|\u2606relic stone|hf\n|j| lartedipissog\n|c|\u2606LT73IU regnite|same\n|\n|t:|1598084345\n|start\n|switch|p1a: Rex|Tyranitar, M|100\/100\n|switch|p2a: Dragapult|Dragapult, M|100\/100\n|-weather|Sandstorm|[from] ability: Sand Stream|[of] p1a: Rex\n|turn|1\n|inactive|Battle timer is ON: inactive players will automatically lose when time's up. (requested by LT73IU regnite)\n|\n|t:|1598084353\n|move|p2a: Dragapult|U-turn|p1a: Rex\n|-supereffective|p1a: Rex\n|-damage|p1a: Rex|73\/100\n|\n|t:|1598084356\n|switch|p2a: Clefable|Clefable, F|100\/100|[from]move: U-turn\n|move|p1a: Rex|Toxic|p2a: Clefable\n|-status|p2a: Clefable|tox\n|\n|-weather|Sandstorm|[upkeep]\n|-heal|p1a: Rex|79\/100|[from] item: Leftovers\n|upkeep\n|turn|2\n|\n|t:|1598084362\n|move|p2a: Clefable|Trick|p1a: Rex\n|-activate|p2a: Clefable|move: Trick|[of] p1a: Rex\n|-item|p1a: Rex|Sticky Barb|[from] move: Trick\n|-item|p2a: Clefable|Leftovers|[from] move: Trick\n|move|p1a: Rex|Stealth Rock|p2a: Clefable\n|-sidestart|p2: LT73IU regnite|move: Stealth Rock\n|\n|-weather|Sandstorm|[upkeep]\n|-damage|p1a: Rex|67\/100|[from] item: Sticky Barb\n|upkeep\n|turn|3\n|j| Vaboh\n|\n|t:|1598084370\n|switch|p1a: Grimlock|Magnezone, shiny|100\/100\n|move|p2a: Clefable|Stealth Rock|p1a: Grimlock\n|-sidestart|p1: relic stone|move: Stealth Rock\n|\n|-weather|Sandstorm|[upkeep]\n|upkeep\n|turn|4\n|l| Vaboh\n|\n|t:|1598084376\n|switch|p2a: Blissey|Blissey, F|100\/100\n|move|p1a: Grimlock|Thunderbolt|p2a: Blissey\n|-damage|p2a: Blissey|85\/100\n|\n|-weather|Sandstorm|[upkeep]\n|-damage|p2a: Blissey|79\/100|[from] Sandstorm\n|upkeep\n|turn|5\n|\n|t:|1598084381\n|move|p2a: Blissey|Seismic Toss|p1a: Grimlock\n|-damage|p1a: Grimlock|71\/100\n|move|p1a: Grimlock|Body Press|p2a: Blissey\n|-supereffective|p2a: Blissey\n|-damage|p2a: Blissey|29\/100\n|\n|-weather|none\n|-heal|p1a: Grimlock|78\/100|[from] item: Leftovers\n|upkeep\n|turn|6\n|\n|t:|1598084385\n|move|p2a: Blissey|Soft-Boiled|p2a: Blissey\n|-heal|p2a: Blissey|79\/100\n|move|p1a: Grimlock|Body Press|p2a: Blissey\n|-supereffective|p2a: Blissey\n|-damage|p2a: Blissey|31\/100\n|\n|-heal|p1a: Grimlock|84\/100|[from] item: Leftovers\n|upkeep\n|turn|7\n|\n|t:|1598084390\n|switch|p2a: Slowbro|Slowbro-Galar, M|100\/100\n|-damage|p2a: Slowbro|88\/100|[from] Stealth Rock\n|move|p1a: Grimlock|Body Press|p2a: Slowbro\n|-resisted|p2a: Slowbro\n|-damage|p2a: Slowbro|82\/100\n|\n|-heal|p1a: Grimlock|90\/100|[from] item: Leftovers\n|upkeep\n|turn|8\n|\n|t:|1598084394\n|move|p1a: Grimlock|Thunderbolt|p2a: Slowbro\n|-damage|p2a: Slowbro|33\/100\n|move|p2a: Slowbro|Flamethrower|p1a: Grimlock\n|-supereffective|p1a: Grimlock\n|-damage|p1a: Grimlock|28\/100\n|\n|-heal|p1a: Grimlock|34\/100|[from] item: Leftovers\n|upkeep\n|turn|9\n|\n|t:|1598084399\n|switch|p2a: Rillaboom|Rillaboom, F|100\/100\n|-damage|p2a: Rillaboom|88\/100|[from] Stealth Rock\n|-fieldstart|move: Grassy Terrain|[from] ability: Grassy Surge|[of] p2a: Rillaboom\n|move|p1a: Grimlock|Thunderbolt|p2a: Rillaboom\n|-resisted|p2a: Rillaboom\n|-damage|p2a: Rillaboom|62\/100\n|\n|-heal|p2a: Rillaboom|68\/100|[from] Grassy Terrain\n|-heal|p1a: Grimlock|40\/100|[from] item: Leftovers\n|-heal|p1a: Grimlock|46\/100|[from] Grassy Terrain\n|upkeep\n|turn|10\n|\n|t:|1598084401\n|move|p2a: Rillaboom|Knock Off|p1a: Grimlock\n|-crit|p1a: Grimlock\n|-damage|p1a: Grimlock|0 fnt\n|-enditem|p1a: Grimlock|Leftovers|[from] move: Knock Off|[of] p2a: Rillaboom\n|faint|p1a: Grimlock\n|\n|-heal|p2a: Rillaboom|74\/100|[from] Grassy Terrain\n|upkeep\n|j| brouha\n|\n|t:|1598084406\n|switch|p1a: Yami|Corviknight, M, shiny|100\/100\n|-damage|p1a: Yami|88\/100|[from] Stealth Rock\n|-ability|p1a: Yami|Pressure\n|turn|11\n|\n|t:|1598084410\n|move|p2a: Rillaboom|Knock Off|p1a: Yami\n|-damage|p1a: Yami|56\/100\n|-damage|p2a: Rillaboom|58\/100|[from] item: Rocky Helmet|[of] p1a: Yami\n|-enditem|p1a: Yami|Rocky Helmet|[from] move: Knock Off|[of] p2a: Rillaboom\n|move|p1a: Yami|U-turn|p2a: Rillaboom\n|-supereffective|p2a: Rillaboom\n|-damage|p2a: Rillaboom|25\/100\n|\n|t:|1598084414\n|switch|p1a: Prophet|Alakazam, M|100\/100|[from]move: U-turn\n|\n|-heal|p2a: Rillaboom|31\/100|[from] Grassy Terrain\n|upkeep\n|turn|12\n|\n|t:|1598084425\n|switch|p2a: Slowbro|Slowbro-Galar, M|67\/100\n|-damage|p2a: Slowbro|54\/100|[from] Stealth Rock\n|move|p1a: Prophet|Psyshock|p2a: Slowbro\n|-crit|p2a: Slowbro\n|-damage|p2a: Slowbro|0 fnt\n|faint|p2a: Slowbro\n|\n|upkeep\n|\n|t:|1598084430\n|switch|p2a: Dragapult|Dragapult, M|100\/100\n|turn|13\n|\n|t:|1598084438\n|switch|p1a: Fungus|Amoonguss, M, shiny|100\/100\n|-damage|p1a: Fungus|88\/100|[from] Stealth Rock\n|move|p2a: Dragapult|Thunder Wave|p1a: Fungus\n|-status|p1a: Fungus|par\n|\n|-heal|p1a: Fungus|94\/100 par|[from] Grassy Terrain\n|-fieldend|move: Grassy Terrain\n|upkeep\n|turn|14\n|\n|t:|1598084441\n|move|p2a: Dragapult|U-turn|p1a: Fungus\n|-damage|p1a: Fungus|82\/100 par\n|-damage|p2a: Dragapult|84\/100|[from] item: Rocky Helmet|[of] p1a: Fungus\n|\n|t:|1598084443\n|switch|p2a: Clefable|Clefable, F|100\/100 tox|[from]move: U-turn\n|cant|p1a: Fungus|par\n|\n|upkeep\n|turn|15\n|\n|t:|1598084449\n|move|p2a: Clefable|Moonblast|p1a: Fungus\n|-resisted|p1a: Fungus\n|-damage|p1a: Fungus|68\/100 par\n|cant|p1a: Fungus|par\n|\n|upkeep\n|turn|16\n|inactive|relic stone has 120 seconds left.\n|\n|t:|1598084482\n|switch|p2a: Dragapult|Dragapult, M|84\/100\n|move|p1a: Fungus|Sludge Bomb|p2a: Dragapult\n|-resisted|p2a: Dragapult\n|-damage|p2a: Dragapult|67\/100\n|\n|upkeep\n|turn|17\n|\n|t:|1598084488\n|move|p2a: Dragapult|Hex|p1a: Fungus\n|-damage|p1a: Fungus|4\/100 par\n|move|p1a: Fungus|Foul Play|p2a: Dragapult\n|-supereffective|p2a: Dragapult\n|-damage|p2a: Dragapult|2\/100\n|\n|upkeep\n|turn|18\n|\n|t:|1598084503\n|switch|p1a: Rex|Tyranitar, M|67\/100\n|-damage|p1a: Rex|55\/100|[from] Stealth Rock\n|-weather|Sandstorm|[from] ability: Sand Stream|[of] p1a: Rex\n|move|p2a: Dragapult|U-turn|p1a: Rex\n|-supereffective|p1a: Rex\n|-damage|p1a: Rex|30\/100\n|\n|t:|1598084513\n|switch|p2a: Clefable|Clefable, F|100\/100 tox|[from]move: U-turn\n|\n|-weather|Sandstorm|[upkeep]\n|-damage|p1a: Rex|18\/100|[from] item: Sticky Barb\n|upkeep\n|turn|19\n|\n|t:|1598084522\n|switch|p1a: Yami|Corviknight, M, shiny|56\/100\n|-damage|p1a: Yami|44\/100|[from] Stealth Rock\n|-ability|p1a: Yami|Pressure\n|move|p2a: Clefable|Moonblast|p1a: Yami\n|-resisted|p1a: Yami\n|-damage|p1a: Yami|29\/100\n|\n|-weather|Sandstorm|[upkeep]\n|upkeep\n|turn|20\n|\n|t:|1598084526\n|switch|p2a: Toxapex|Toxapex, F|100\/100\n|-damage|p2a: Toxapex|88\/100|[from] Stealth Rock\n|move|p1a: Yami|Roost|p1a: Yami\n|-heal|p1a: Yami|79\/100\n|-singleturn|p1a: Yami|move: Roost\n|\n|-weather|Sandstorm|[upkeep]\n|-damage|p2a: Toxapex|82\/100|[from] Sandstorm\n|upkeep\n|turn|21\n|j| H.M.N.I.P\n|\n|t:|1598084538\n|move|p1a: Yami|U-turn|p2a: Toxapex\n|-resisted|p2a: Toxapex\n|-damage|p2a: Toxapex|77\/100\n|-damage|p1a: Yami|62\/100|[from] item: Rocky Helmet|[of] p2a: Toxapex\n|\n|t:|1598084541\n|switch|p1a: Fungus|Amoonguss, M, shiny|38\/100 par|[from]move: U-turn\n|-damage|p1a: Fungus|25\/100 par|[from] Stealth Rock\n|move|p2a: Toxapex|Scald|p1a: Fungus\n|-resisted|p1a: Fungus\n|-damage|p1a: Fungus|17\/100 par\n|\n|-weather|Sandstorm|[upkeep]\n|-damage|p2a: Toxapex|71\/100|[from] Sandstorm\n|-damage|p1a: Fungus|11\/100 par|[from] Sandstorm\n|upkeep\n|turn|22\n|\n|t:|1598084550\n|switch|p2a: Dragapult|Dragapult, M|2\/100\n|switch|p1a: Yami|Corviknight, M, shiny|62\/100\n|-damage|p1a: Yami|50\/100|[from] Stealth Rock\n|-ability|p1a: Yami|Pressure\n|\n|-weather|none\n|upkeep\n|turn|23\n|\n|t:|1598084559\n|move|p2a: Dragapult|Will-O-Wisp|p1a: Yami|[miss]\n|-miss|p2a: Dragapult|p1a: Yami\n|move|p1a: Yami|U-turn|p2a: Dragapult\n|-resisted|p2a: Dragapult\n|-damage|p2a: Dragapult|0 fnt\n|faint|p2a: Dragapult\n|\n|t:|1598084563\n|switch|p1a: Prophet|Alakazam, M|100\/100|[from]move: U-turn\n|\n|upkeep\n|c|\u2606LT73IU regnite|welp\n|l| brouha\n|c|\u2606relic stone|it still killed but ye that sucks\n|c|\u2606relic stone|mb bro\n|c|\u2606LT73IU regnite|that was game for me lol\n|j| lt73iu leo\n|inactive|LT73IU regnite has 120 seconds left.\n|c|\u2606relic stone|tbh u win with rilla still\n|c|\u2606LT73IU regnite|idts\n|c|\u2606relic stone|this is sash\n|c|\u2606relic stone|but u can break it\n|inactive|LT73IU regnite has 90 seconds left.\n|\n|t:|1598084643\n|switch|p2a: Clefable|Clefable, F|100\/100 tox\n|turn|24\n|\n|t:|1598084648\n|move|p1a: Prophet|Nasty Plot|p1a: Prophet\n|-boost|p1a: Prophet|spa|2\n|move|p2a: Clefable|Moonblast|p1a: Prophet\n|-damage|p1a: Prophet|57\/100\n|-unboost|p1a: Prophet|spa|1\n|\n|upkeep\n|turn|25\n|j| jefo\n|\n|t:|1598084656\n|move|p1a: Prophet|Nasty Plot|p1a: Prophet\n|-boost|p1a: Prophet|spa|2\n|move|p2a: Clefable|Moonblast|p1a: Prophet\n|-damage|p1a: Prophet|13\/100\n|\n|upkeep\n|turn|26\n|inactive|LT73IU regnite has 90 seconds left.\n|\n|t:|1598084686\n|move|p1a: Prophet|Recover|p1a: Prophet\n|-heal|p1a: Prophet|63\/100\n|move|p2a: Clefable|Moonblast|p1a: Prophet\n|-damage|p1a: Prophet|19\/100\n|-unboost|p1a: Prophet|spa|1\n|\n|upkeep\n|turn|27\n|\n|t:|1598084695\n|switch|p2a: Rillaboom|Rillaboom, F|31\/100\n|-damage|p2a: Rillaboom|19\/100|[from] Stealth Rock\n|-fieldstart|move: Grassy Terrain|[from] ability: Grassy Surge|[of] p2a: Rillaboom\n|move|p1a: Prophet|Recover|p1a: Prophet\n|-heal|p1a: Prophet|69\/100\n|\n|-heal|p1a: Prophet|75\/100|[from] Grassy Terrain\n|-heal|p2a: Rillaboom|25\/100|[from] Grassy Terrain\n|upkeep\n|turn|28\n|\n|t:|1598084707\n|switch|p1a: Fungus|Amoonguss, M, shiny|44\/100 par\n|-damage|p1a: Fungus|32\/100 par|[from] Stealth Rock\n|move|p2a: Rillaboom|Knock Off|p1a: Fungus\n|-damage|p1a: Fungus|0 fnt\n|-damage|p2a: Rillaboom|9\/100|[from] item: Rocky Helmet|[of] p1a: Fungus\n|-enditem|p1a: Fungus|Rocky Helmet|[from] move: Knock Off|[of] p2a: Rillaboom\n|faint|p1a: Fungus\n|\n|-heal|p2a: Rillaboom|15\/100|[from] Grassy Terrain\n|upkeep\n|\n|t:|1598084713\n|switch|p1a: Prophet|Alakazam, M|75\/100\n|turn|29\n|\n|t:|1598084719\n|switch|p2a: Clefable|Clefable, F|100\/100 tox\n|move|p1a: Prophet|Psyshock|p2a: Clefable\n|-damage|p2a: Clefable|65\/100 tox\n|\n|-heal|p1a: Prophet|81\/100|[from] Grassy Terrain\n|-heal|p2a: Clefable|71\/100 tox|[from] item: Leftovers\n|-heal|p2a: Clefable|77\/100 tox|[from] Grassy Terrain\n|upkeep\n|turn|30\n|j| whyad\n|inactive|LT73IU regnite has 90 seconds left.\n|\n|t:|1598084724\n|move|p1a: Prophet|Nasty Plot|p1a: Prophet\n|-boost|p1a: Prophet|spa|2\n|move|p2a: Clefable|Moonblast|p1a: Prophet\n|-damage|p1a: Prophet|41\/100\n|-unboost|p1a: Prophet|spa|1\n|\n|-heal|p1a: Prophet|47\/100|[from] Grassy Terrain\n|-heal|p2a: Clefable|83\/100 tox|[from] item: Leftovers\n|-heal|p2a: Clefable|90\/100 tox|[from] Grassy Terrain\n|upkeep\n|turn|31\n|c| jefo|OOF\n|\n|t:|1598084730\n|move|p1a: Prophet|Recover|p1a: Prophet\n|-heal|p1a: Prophet|97\/100\n|move|p2a: Clefable|Moonblast|p1a: Prophet\n|-damage|p1a: Prophet|52\/100\n|\n|-heal|p1a: Prophet|58\/100|[from] Grassy Terrain\n|-heal|p2a: Clefable|96\/100 tox|[from] item: Leftovers\n|-heal|p2a: Clefable|100\/100 tox|[from] Grassy Terrain\n|-fieldend|move: Grassy Terrain\n|upkeep\n|turn|32\n|\n|t:|1598084737\n|move|p1a: Prophet|Psyshock|p2a: Clefable\n|-damage|p2a: Clefable|50\/100 tox\n|move|p2a: Clefable|Moonblast|p1a: Prophet\n|-damage|p1a: Prophet|12\/100\n|-unboost|p1a: Prophet|spa|1\n|\n|-heal|p2a: Clefable|56\/100 tox|[from] item: Leftovers\n|upkeep\n|turn|33\n|\n|t:|1598084748\n|move|p1a: Prophet|Recover|p1a: Prophet\n|-heal|p1a: Prophet|62\/100\n|move|p2a: Clefable|Moonblast|p1a: Prophet\n|-damage|p1a: Prophet|20\/100\n|\n|-heal|p2a: Clefable|62\/100 tox|[from] item: Leftovers\n|upkeep\n|turn|34\n|l| lartedipissog\n|\n|t:|1598084756\n|move|p1a: Prophet|Recover|p1a: Prophet\n|-heal|p1a: Prophet|70\/100\n|move|p2a: Clefable|Moonblast|p1a: Prophet\n|-damage|p1a: Prophet|24\/100\n|\n|-heal|p2a: Clefable|68\/100 tox|[from] item: Leftovers\n|upkeep\n|turn|35\n|inactive|LT73IU regnite has 120 seconds left.\n|\n|t:|1598084763\n|switch|p1a: Yami|Corviknight, M, shiny|50\/100\n|-damage|p1a: Yami|38\/100|[from] Stealth Rock\n|-ability|p1a: Yami|Pressure\n|move|p2a: Clefable|Moonblast|p1a: Yami\n|-resisted|p1a: Yami\n|-damage|p1a: Yami|24\/100\n|\n|-heal|p2a: Clefable|74\/100 tox|[from] item: Leftovers\n|upkeep\n|turn|36\n|\n|t:|1598084769\n|switch|p2a: Toxapex|Toxapex, F|100\/100\n|-damage|p2a: Toxapex|88\/100|[from] Stealth Rock\n|move|p1a: Yami|U-turn|p2a: Toxapex\n|-resisted|p2a: Toxapex\n|-damage|p2a: Toxapex|84\/100\n|-damage|p1a: Yami|7\/100|[from] item: Rocky Helmet|[of] p2a: Toxapex\n|j| laevin \u32db\n|\n|t:|1598084780\n|switch|p1a: Prophet|Alakazam, M|24\/100|[from]move: U-turn\n|\n|upkeep\n|turn|37\n|\n|t:|1598084785\n|switch|p2a: Blissey|Blissey, F|31\/100\n|move|p1a: Prophet|Psyshock|p2a: Blissey\n|-damage|p2a: Blissey|0 fnt\n|faint|p2a: Blissey\n|\n|upkeep\n|\n|t:|1598084787\n|switch|p2a: Rillaboom|Rillaboom, F|15\/100\n|-damage|p2a: Rillaboom|3\/100|[from] Stealth Rock\n|-fieldstart|move: Grassy Terrain|[from] ability: Grassy Surge|[of] p2a: Rillaboom\n|turn|38\n|\n|t:|1598084791\n|switch|p1a: Rex|Tyranitar, M|18\/100\n|-damage|p1a: Rex|6\/100|[from] Stealth Rock\n|-weather|Sandstorm|[from] ability: Sand Stream|[of] p1a: Rex\n|move|p2a: Rillaboom|Grassy Glide|p1a: Rex\n|-supereffective|p1a: Rex\n|-damage|p1a: Rex|0 fnt\n|faint|p1a: Rex\n|\n|-weather|Sandstorm|[upkeep]\n|-damage|p2a: Rillaboom|0 fnt|[from] Sandstorm\n|faint|p2a: Rillaboom\n|upkeep\n|\n|t:|1598084798\n|switch|p2a: Clefable|Clefable, F|74\/100 tox\n|switch|p1a: Prophet|Alakazam, M|24\/100\n|turn|39\n|\n|t:|1598084802\n|move|p1a: Prophet|Recover|p1a: Prophet\n|-heal|p1a: Prophet|75\/100\n|move|p2a: Clefable|Moonblast|p1a: Prophet\n|-damage|p1a: Prophet|28\/100\n|-unboost|p1a: Prophet|spa|1\n|\n|-weather|Sandstorm|[upkeep]\n|-heal|p1a: Prophet|34\/100|[from] Grassy Terrain\n|-heal|p2a: Clefable|80\/100 tox|[from] item: Leftovers\n|-heal|p2a: Clefable|87\/100 tox|[from] Grassy Terrain\n|upkeep\n|turn|40\n|\n|t:|1598084807\n|move|p1a: Prophet|Recover|p1a: Prophet\n|-heal|p1a: Prophet|84\/100\n|move|p2a: Clefable|Moonblast|p1a: Prophet\n|-crit|p1a: Prophet\n|-damage|p1a: Prophet|14\/100\n|\n|-weather|Sandstorm|[upkeep]\n|-heal|p1a: Prophet|20\/100|[from] Grassy Terrain\n|-heal|p2a: Clefable|93\/100 tox|[from] item: Leftovers\n|-heal|p2a: Clefable|99\/100 tox|[from] Grassy Terrain\n|upkeep\n|turn|41\n|\n|t:|1598084813\n|move|p1a: Prophet|Recover|p1a: Prophet\n|-heal|p1a: Prophet|71\/100\n|move|p2a: Clefable|Moonblast|p1a: Prophet\n|-damage|p1a: Prophet|30\/100\n|-unboost|p1a: Prophet|spa|1\n|\n|-weather|Sandstorm|[upkeep]\n|-heal|p1a: Prophet|36\/100|[from] Grassy Terrain\n|-heal|p2a: Clefable|100\/100 tox|[from] item: Leftovers\n|upkeep\n|turn|42\n|j| Frogtaco\n|\n|t:|1598084818\n|move|p1a: Prophet|Recover|p1a: Prophet\n|-heal|p1a: Prophet|86\/100\n|move|p2a: Clefable|Moonblast|p1a: Prophet\n|-damage|p1a: Prophet|40\/100\n|\n|-weather|none\n|-heal|p1a: Prophet|46\/100|[from] Grassy Terrain\n|-fieldend|move: Grassy Terrain\n|upkeep\n|turn|43\n|\n|t:|1598084824\n|move|p1a: Prophet|Recover|p1a: Prophet\n|-heal|p1a: Prophet|97\/100\n|move|p2a: Clefable|Moonblast|p1a: Prophet\n|-damage|p1a: Prophet|56\/100\n|\n|upkeep\n|turn|44\n|\n|t:|1598084827\n|switch|p1a: Poseidon|Gastrodon, M, shiny|100\/100\n|-damage|p1a: Poseidon|94\/100|[from] Stealth Rock\n|move|p2a: Clefable|Moonblast|p1a: Poseidon\n|-damage|p1a: Poseidon|75\/100\n|\n|-heal|p1a: Poseidon|81\/100|[from] item: Leftovers\n|upkeep\n|turn|45\n|\n|t:|1598084832\n|switch|p2a: Toxapex|Toxapex, F|100\/100\n|-damage|p2a: Toxapex|88\/100|[from] Stealth Rock\n|switch|p1a: Yami|Corviknight, M, shiny|7\/100\n|-damage|p1a: Yami|0 fnt|[from] Stealth Rock\n|faint|p1a: Yami\n|\n|upkeep\n|l| laevin \u32db\n|\n|t:|1598084834\n|switch|p1a: Prophet|Alakazam, M|56\/100\n|turn|46\n|\n|t:|1598084837\n|move|p1a: Prophet|Recover|p1a: Prophet\n|-heal|p1a: Prophet|100\/100\n|move|p2a: Toxapex|Scald|p1a: Prophet\n|-damage|p1a: Prophet|79\/100\n|\n|upkeep\n|turn|47\n|\n|t:|1598084841\n|move|p1a: Prophet|Nasty Plot|p1a: Prophet\n|-boost|p1a: Prophet|spa|2\n|move|p2a: Toxapex|Haze|p2a: Toxapex\n|-clearallboost\n|\n|upkeep\n|turn|48\n|\n|t:|1598084847\n|move|p1a: Prophet|Nasty Plot|p1a: Prophet\n|-boost|p1a: Prophet|spa|2\n|move|p2a: Toxapex|Haze|p2a: Toxapex\n|-clearallboost\n|\n|upkeep\n|turn|49\n|\n|t:|1598084849\n|move|p1a: Prophet|Nasty Plot|p1a: Prophet\n|-boost|p1a: Prophet|spa|2\n|move|p2a: Toxapex|Haze|p2a: Toxapex\n|-clearallboost\n|\n|upkeep\n|turn|50\n|\n|t:|1598084852\n|move|p1a: Prophet|Psyshock|p2a: Toxapex\n|-supereffective|p2a: Toxapex\n|-damage|p2a: Toxapex|34\/100\n|move|p2a: Toxapex|Haze|p2a: Toxapex\n|-clearallboost\n|\n|upkeep\n|turn|51\n|\n|t:|1598084856\n|switch|p2a: Clefable|Clefable, F|100\/100 tox\n|move|p1a: Prophet|Psyshock|p2a: Clefable\n|-damage|p2a: Clefable|68\/100 tox\n|\n|-heal|p2a: Clefable|74\/100 tox|[from] item: Leftovers\n|upkeep\n|turn|52\n|\n|t:|1598084859\n|move|p1a: Prophet|Nasty Plot|p1a: Prophet\n|-boost|p1a: Prophet|spa|2\n|move|p2a: Clefable|Moonblast|p1a: Prophet\n|-damage|p1a: Prophet|32\/100\n|\n|-heal|p2a: Clefable|80\/100 tox|[from] item: Leftovers\n|upkeep\n|turn|53\n|\n|t:|1598084864\n|move|p1a: Prophet|Recover|p1a: Prophet\n|-heal|p1a: Prophet|82\/100\n|move|p2a: Clefable|Moonblast|p1a: Prophet\n|-damage|p1a: Prophet|36\/100\n|\n|-heal|p2a: Clefable|87\/100 tox|[from] item: Leftovers\n|upkeep\n|turn|54\n|\n|t:|1598084869\n|move|p1a: Prophet|Recover|p1a: Prophet\n|-heal|p1a: Prophet|87\/100\n|move|p2a: Clefable|Moonblast|p1a: Prophet\n|-damage|p1a: Prophet|43\/100\n|-unboost|p1a: Prophet|spa|1\n|\n|-heal|p2a: Clefable|93\/100 tox|[from] item: Leftovers\n|upkeep\n|turn|55\n|\n|t:|1598084874\n|move|p1a: Prophet|Recover|p1a: Prophet\n|-heal|p1a: Prophet|93\/100\n|move|p2a: Clefable|Moonblast|p1a: Prophet\n|-damage|p1a: Prophet|51\/100\n|\n|-heal|p2a: Clefable|99\/100 tox|[from] item: Leftovers\n|upkeep\n|turn|56\n|\n|t:|1598084878\n|move|p1a: Prophet|Recover|p1a: Prophet\n|-heal|p1a: Prophet|100\/100\n|move|p2a: Clefable|Moonblast|p1a: Prophet\n|-damage|p1a: Prophet|53\/100\n|\n|-heal|p2a: Clefable|100\/100 tox|[from] item: Leftovers\n|upkeep\n|turn|57\n|\n|t:|1598084884\n|switch|p2a: Toxapex|Toxapex, F|67\/100\n|-damage|p2a: Toxapex|55\/100|[from] Stealth Rock\n|move|p1a: Prophet|Nasty Plot|p1a: Prophet\n|-boost|p1a: Prophet|spa|2\n|\n|upkeep\n|turn|58\n|\n|t:|1598084888\n|move|p1a: Prophet|Psyshock|p2a: Toxapex\n|-supereffective|p2a: Toxapex\n|-damage|p2a: Toxapex|0 fnt\n|faint|p2a: Toxapex\n|\n|upkeep\n|c|\u2606relic stone|gg\n|-message|LT73IU regnite forfeited.\n|\n|win|relic stone\n|l|\u2606LT73IU regnite\n|raw|relic stone's rating: 1880 &rarr; <strong>1889<\/strong><br \/>(+9 for winning)\n|raw|LT73IU regnite's rating: 1679 &rarr; <strong>1669<\/strong><br \/>(-10 for losing)\n|l|\u2606relic stone\n|l| H.M.N.I.P\n|j|+playerW17\n|j| LT73IU NTAIZAI\n|l|+playerW17\n|j| LT73IU D4\n|l| LT73IU D4\n|l| LT73IU NTAIZAI\n|l| whyad\n|l| Frogtaco\n","uploadtime":1598085773,"views":174,"p1id":"relicstone","p2id":"lt73iuregnite","formatid":"gen8ou","rating":1669,"private":0,"password":null}