{"id":"gen8ou-1447734005","p1":"galarian dragapult","p2":"RST4","format":"gen8ou","log":"|j|\u2606galarian dragapult\n|j|\u2606RST4\n|t:|1635914371\n|gametype|singles\n|player|p1|galarian dragapult|101|1734\n|player|p2|RST4|hilbert-wonderlauncher|1651\n|teamsize|p1|6\n|teamsize|p2|6\n|gen|8\n|tier|[Gen 8] OU\n|rated|\n|rule|Sleep Clause Mod: Limit one foe put to sleep\n|rule|Species Clause: Limit one of each Pok\u00e9mon\n|rule|OHKO Clause: OHKO moves are banned\n|rule|Evasion Moves Clause: Evasion moves are banned\n|rule|Endless Battle Clause: Forcing endless battles is banned\n|rule|HP Percentage Mod: HP is shown in percentages\n|rule|Dynamax Clause: You cannot dynamax\n|clearpoke\n|poke|p1|Blissey, F|\n|poke|p1|Slowbro, M|\n|poke|p1|Garchomp, F|\n|poke|p1|Kartana|\n|poke|p1|Tapu Lele|\n|poke|p1|Corviknight, M|\n|poke|p2|Inteleon, M|\n|poke|p2|Ferrothorn, M|\n|poke|p2|Togekiss, F|\n|poke|p2|Dragapult, M|\n|poke|p2|Diggersby, F|\n|poke|p2|Toxapex, F|\n|teampreview\n|inactive|Battle timer is ON: inactive players will automatically lose when time's up. (requested by RST4)\n|inactive|galarian dragapult has 120 seconds left.\n|\n|t:|1635914408\n|start\n|switch|p1a: Garchomp|Garchomp, F, shiny|100\/100\n|switch|p2a: Diggersby|Diggersby, F|100\/100\n|turn|1\n|\n|t:|1635914416\n|switch|p1a: Corviknight|Corviknight, M, shiny|100\/100\n|-ability|p1a: Corviknight|Pressure\n|switch|p2a: Togekiss|Togekiss, F|100\/100\n|\n|upkeep\n|turn|2\n|\n|t:|1635914420\n|move|p2a: Togekiss|Air Slash|p1a: Corviknight\n|-resisted|p1a: Corviknight\n|-damage|p1a: Corviknight|82\/100\n|cant|p1a: Corviknight|flinch\n|\n|-heal|p1a: Corviknight|88\/100|[from] item: Leftovers\n|upkeep\n|turn|3\n|\n|t:|1635914425\n|switch|p2a: Ferrothorn|Ferrothorn, M|100\/100\n|move|p1a: Corviknight|U-turn|p2a: Ferrothorn\n|-damage|p2a: Ferrothorn|93\/100\n|-damage|p1a: Corviknight|75\/100|[from] ability: Iron Barbs|[of] p2a: Ferrothorn\n|-damage|p1a: Corviknight|59\/100|[from] item: Rocky Helmet|[of] p2a: Ferrothorn\n|\n|t:|1635914433\n|switch|p1a: Kartana|Kartana, shiny|100\/100|[from]move: U-turn\n|\n|upkeep\n|turn|4\n|\n|t:|1635914439\n|switch|p2a: Toxapex|Toxapex, F|100\/100\n|move|p1a: Kartana|Knock Off|p2a: Toxapex\n|-damage|p2a: Toxapex|51\/100\n|-enditem|p2a: Toxapex|Black Sludge|[from] move: Knock Off|[of] p1a: Kartana\n|\n|upkeep\n|turn|5\n|\n|t:|1635914447\n|switch|p1a: Blissey|Blissey, F, shiny|100\/100\n|move|p2a: Toxapex|Recover|p2a: Toxapex\n|-heal|p2a: Toxapex|100\/100\n|\n|upkeep\n|turn|6\n|\n|t:|1635914451\n|move|p2a: Toxapex|Toxic|p1a: Blissey\n|-status|p1a: Blissey|tox\n|move|p1a: Blissey|Teleport|p1a: Blissey\n|\n|t:|1635914452\n|-curestatus|p1a: Blissey|tox|[from] ability: Natural Cure\n|switch|p1a: Slowbro|Slowbro, M, shiny|100\/100|[from]move: Teleport\n|\n|upkeep\n|turn|7\n|\n|t:|1635914459\n|move|p2a: Toxapex|Toxic|p1a: Slowbro\n|-status|p1a: Slowbro|tox\n|move|p1a: Slowbro|Future Sight|p2a: Toxapex\n|-start|p1a: Slowbro|move: Future Sight\n|\n|-damage|p1a: Slowbro|94\/100 tox|[from] psn\n|upkeep\n|turn|8\n|\n|t:|1635914465\n|move|p2a: Toxapex|Scald|p1a: Slowbro\n|-resisted|p1a: Slowbro\n|-damage|p1a: Slowbro|87\/100 tox\n|move|p1a: Slowbro|Teleport|p1a: Slowbro\n|\n|t:|1635914472\n|switch|p1a: Tapu Lele|Tapu Lele, shiny|100\/100|[from]move: Teleport\n|-fieldstart|move: Psychic Terrain|[from] ability: Psychic Surge|[of] p1a: Tapu Lele\n|\n|upkeep\n|turn|9\n|\n|t:|1635914476\n|move|p1a: Tapu Lele|Psychic|p2a: Toxapex\n|-supereffective|p2a: Toxapex\n|-damage|p2a: Toxapex|0 fnt\n|faint|p2a: Toxapex\n|\n|-hint|Future Sight did not hit because the target is fainted.\n|upkeep\n|\n|t:|1635914480\n|switch|p2a: Diggersby|Diggersby, F|100\/100\n|turn|10\n|\n|t:|1635914485\n|switch|p1a: Corviknight|Corviknight, M, shiny|59\/100\n|-ability|p1a: Corviknight|Pressure\n|move|p2a: Diggersby|Knock Off|p1a: Corviknight\n|-damage|p1a: Corviknight|36\/100\n|-enditem|p1a: Corviknight|Leftovers|[from] move: Knock Off|[of] p2a: Diggersby\n|\n|upkeep\n|turn|11\n|\n|t:|1635914488\n|switch|p2a: Ferrothorn|Ferrothorn, M|93\/100\n|move|p1a: Corviknight|Roost|p1a: Corviknight\n|-heal|p1a: Corviknight|86\/100\n|-singleturn|p1a: Corviknight|move: Roost\n|\n|upkeep\n|turn|12\n|\n|t:|1635914495\n|move|p1a: Corviknight|Brave Bird|p2a: Ferrothorn\n|-damage|p2a: Ferrothorn|72\/100\n|-damage|p1a: Corviknight|73\/100|[from] ability: Iron Barbs|[of] p2a: Ferrothorn\n|-damage|p1a: Corviknight|57\/100|[from] item: Rocky Helmet|[of] p2a: Ferrothorn\n|-damage|p1a: Corviknight|51\/100|[from] Recoil\n|move|p2a: Ferrothorn|Stealth Rock|p1a: Corviknight\n|-sidestart|p1: galarian dragapult|move: Stealth Rock\n|\n|-fieldend|move: Psychic Terrain\n|upkeep\n|turn|13\n|\n|t:|1635914499\n|move|p1a: Corviknight|Roost|p1a: Corviknight\n|-heal|p1a: Corviknight|100\/100\n|-singleturn|p1a: Corviknight|move: Roost\n|move|p2a: Ferrothorn|Leech Seed|p1a: Corviknight\n|-start|p1a: Corviknight|move: Leech Seed\n|\n|-damage|p1a: Corviknight|88\/100|[from] Leech Seed|[of] p2a: Ferrothorn\n|-heal|p2a: Ferrothorn|86\/100|[silent]\n|upkeep\n|turn|14\n|\n|t:|1635914502\n|switch|p2a: Inteleon|Inteleon, M|100\/100\n|move|p1a: Corviknight|Defog|p2a: Inteleon\n|-unboost|p2a: Inteleon|evasion|1\n|-sideend|p1: galarian dragapult|Stealth Rock|[from] move: Defog|[of] p1a: Corviknight\n|\n|-damage|p1a: Corviknight|75\/100|[from] Leech Seed|[of] p2a: Inteleon\n|upkeep\n|turn|15\n|\n|t:|1635914510\n|switch|p2a: Diggersby|Diggersby, F|100\/100\n|move|p1a: Corviknight|U-turn|p2a: Diggersby\n|-damage|p2a: Diggersby|80\/100\n|inactive|galarian dragapult has 120 seconds left.\n|\n|t:|1635914551\n|switch|p1a: Kartana|Kartana, shiny|100\/100|[from]move: U-turn\n|\n|upkeep\n|turn|16\n|\n|t:|1635914559\n|move|p2a: Diggersby|Fire Punch|p1a: Kartana\n|-supereffective|p1a: Kartana\n|-damage|p1a: Kartana|0 fnt\n|faint|p1a: Kartana\n|\n|upkeep\n|\n|t:|1635914565\n|switch|p1a: Slowbro|Slowbro, M, shiny|100\/100 tox\n|turn|17\n|\n|t:|1635914568\n|switch|p2a: Togekiss|Togekiss, F|100\/100\n|move|p1a: Slowbro|Future Sight|p2a: Togekiss\n|-start|p1a: Slowbro|move: Future Sight\n|\n|-damage|p1a: Slowbro|94\/100 tox|[from] psn\n|upkeep\n|turn|18\n|\n|t:|1635914573\n|switch|p1a: Blissey|Blissey, F, shiny|100\/100\n|move|p2a: Togekiss|Dazzling Gleam|p1a: Blissey\n|-damage|p1a: Blissey|84\/100\n|\n|upkeep\n|turn|19\n|\n|t:|1635914576\n|switch|p2a: Ferrothorn|Ferrothorn, M|86\/100\n|move|p1a: Blissey|Teleport|p1a: Blissey\n|\n|t:|1635914586\n|switch|p1a: Tapu Lele|Tapu Lele, shiny|100\/100|[from]move: Teleport\n|-fieldstart|move: Psychic Terrain|[from] ability: Psychic Surge|[of] p1a: Tapu Lele\n|\n|-end|p2a: Ferrothorn|move: Future Sight\n|-resisted|p2a: Ferrothorn\n|-damage|p2a: Ferrothorn|65\/100\n|upkeep\n|turn|20\n|\n|t:|1635914593\n|move|p1a: Tapu Lele|Psychic|p2a: Ferrothorn\n|-resisted|p2a: Ferrothorn\n|-damage|p2a: Ferrothorn|25\/100\n|-unboost|p2a: Ferrothorn|spd|1\n|move|p2a: Ferrothorn|Gyro Ball|p1a: Tapu Lele\n|-supereffective|p1a: Tapu Lele\n|-damage|p1a: Tapu Lele|0 fnt\n|faint|p1a: Tapu Lele\n|\n|upkeep\n|\n|t:|1635914600\n|switch|p1a: Garchomp|Garchomp, F, shiny|100\/100\n|turn|21\n|\n|t:|1635914605\n|switch|p2a: Togekiss|Togekiss, F|100\/100\n|move|p1a: Garchomp|Earthquake|p2a: Togekiss\n|-immune|p2a: Togekiss\n|\n|upkeep\n|turn|22\n|\n|t:|1635914611\n|switch|p1a: Blissey|Blissey, F, shiny|84\/100\n|move|p2a: Togekiss|Dazzling Gleam|p1a: Blissey\n|-damage|p1a: Blissey|67\/100\n|\n|upkeep\n|turn|23\n|\n|t:|1635914617\n|move|p2a: Togekiss|Air Slash|p1a: Blissey\n|-damage|p1a: Blissey|51\/100\n|move|p1a: Blissey|Teleport|p1a: Blissey\n|\n|t:|1635914621\n|switch|p1a: Corviknight|Corviknight, M, shiny|75\/100|[from]move: Teleport\n|-ability|p1a: Corviknight|Pressure\n|\n|-fieldend|move: Psychic Terrain\n|upkeep\n|turn|24\n|\n|t:|1635914627\n|switch|p2a: Ferrothorn|Ferrothorn, M|25\/100\n|move|p1a: Corviknight|U-turn|p2a: Ferrothorn\n|-damage|p2a: Ferrothorn|17\/100\n|-damage|p1a: Corviknight|63\/100|[from] ability: Iron Barbs|[of] p2a: Ferrothorn\n|-damage|p1a: Corviknight|46\/100|[from] item: Rocky Helmet|[of] p2a: Ferrothorn\n|\n|t:|1635914631\n|switch|p1a: Garchomp|Garchomp, F, shiny|100\/100|[from]move: U-turn\n|\n|upkeep\n|turn|25\n|\n|t:|1635914638\n|move|p1a: Garchomp|Earthquake|p2a: Ferrothorn\n|-damage|p2a: Ferrothorn|0 fnt\n|faint|p2a: Ferrothorn\n|\n|upkeep\n|\n|t:|1635914644\n|switch|p2a: Inteleon|Inteleon, M|100\/100\n|turn|26\n|\n|t:|1635914650\n|switch|p1a: Blissey|Blissey, F, shiny|51\/100\n|switch|p2a: Diggersby|Diggersby, F|80\/100\n|\n|upkeep\n|turn|27\n|\n|t:|1635914659\n|switch|p1a: Slowbro|Slowbro, M, shiny|100\/100 tox\n|move|p2a: Diggersby|Fire Punch|p1a: Slowbro\n|-resisted|p1a: Slowbro\n|-damage|p1a: Slowbro|92\/100 tox\n|-damage|p2a: Diggersby|64\/100|[from] item: Rocky Helmet|[of] p1a: Slowbro\n|\n|-damage|p1a: Slowbro|86\/100 tox|[from] psn\n|upkeep\n|turn|28\n|\n|t:|1635914664\n|switch|p2a: Togekiss|Togekiss, F|100\/100\n|move|p1a: Slowbro|Future Sight|p2a: Togekiss\n|-start|p1a: Slowbro|move: Future Sight\n|\n|-damage|p1a: Slowbro|74\/100 tox|[from] psn\n|upkeep\n|turn|29\n|\n|t:|1635914670\n|switch|p1a: Blissey|Blissey, F, shiny|51\/100\n|move|p2a: Togekiss|Dazzling Gleam|p1a: Blissey\n|-damage|p1a: Blissey|36\/100\n|\n|upkeep\n|turn|30\n|\n|t:|1635914672\n|move|p2a: Togekiss|Air Slash|p1a: Blissey\n|-damage|p1a: Blissey|20\/100\n|cant|p1a: Blissey|flinch\n|\n|-end|p2a: Togekiss|move: Future Sight\n|-damage|p2a: Togekiss|65\/100\n|-heal|p2a: Togekiss|71\/100|[from] item: Leftovers\n|upkeep\n|turn|31\n|\n|t:|1635914676\n|move|p2a: Togekiss|Air Slash|p1a: Blissey\n|-damage|p1a: Blissey|5\/100\n|move|p1a: Blissey|Soft-Boiled|p1a: Blissey\n|-heal|p1a: Blissey|55\/100\n|\n|-heal|p2a: Togekiss|77\/100|[from] item: Leftovers\n|upkeep\n|turn|32\n|\n|t:|1635914680\n|move|p2a: Togekiss|Air Slash|p1a: Blissey\n|-damage|p1a: Blissey|41\/100\n|move|p1a: Blissey|Soft-Boiled|p1a: Blissey\n|-heal|p1a: Blissey|91\/100\n|\n|-heal|p2a: Togekiss|83\/100|[from] item: Leftovers\n|upkeep\n|turn|33\n|\n|t:|1635914684\n|switch|p2a: Diggersby|Diggersby, F|64\/100\n|move|p1a: Blissey|Toxic|p2a: Diggersby\n|-status|p2a: Diggersby|tox\n|\n|-damage|p2a: Diggersby|58\/100 tox|[from] psn\n|upkeep\n|turn|34\n|\n|t:|1635914689\n|switch|p1a: Slowbro|Slowbro, M, shiny|100\/100 tox\n|move|p2a: Diggersby|Fire Punch|p1a: Slowbro\n|-resisted|p1a: Slowbro\n|-damage|p1a: Slowbro|92\/100 tox\n|-damage|p2a: Diggersby|41\/100 tox|[from] item: Rocky Helmet|[of] p1a: Slowbro\n|\n|-damage|p2a: Diggersby|29\/100 tox|[from] psn\n|-damage|p1a: Slowbro|86\/100 tox|[from] psn\n|upkeep\n|turn|35\n|\n|t:|1635914692\n|switch|p2a: Togekiss|Togekiss, F|83\/100\n|move|p1a: Slowbro|Future Sight|p2a: Togekiss\n|-start|p1a: Slowbro|move: Future Sight\n|\n|-heal|p2a: Togekiss|90\/100|[from] item: Leftovers\n|-damage|p1a: Slowbro|73\/100 tox|[from] psn\n|upkeep\n|turn|36\n|\n|t:|1635914699\n|switch|p1a: Blissey|Blissey, F, shiny|91\/100\n|move|p2a: Togekiss|Dazzling Gleam|p1a: Blissey\n|-damage|p1a: Blissey|75\/100\n|\n|-heal|p2a: Togekiss|96\/100|[from] item: Leftovers\n|upkeep\n|turn|37\n|\n|t:|1635914706\n|move|p2a: Togekiss|Air Slash|p1a: Blissey\n|-damage|p1a: Blissey|60\/100\n|move|p1a: Blissey|Toxic|p2a: Togekiss\n|-status|p2a: Togekiss|tox\n|\n|-end|p2a: Togekiss|move: Future Sight\n|-damage|p2a: Togekiss|64\/100 tox\n|-heal|p2a: Togekiss|70\/100 tox|[from] item: Leftovers\n|-damage|p2a: Togekiss|64\/100 tox|[from] psn\n|upkeep\n|turn|38\n|\n|t:|1635914712\n|move|p2a: Togekiss|Air Slash|p1a: Blissey\n|-damage|p1a: Blissey|45\/100\n|cant|p1a: Blissey|flinch\n|\n|-heal|p2a: Togekiss|70\/100 tox|[from] item: Leftovers\n|-damage|p2a: Togekiss|57\/100 tox|[from] psn\n|upkeep\n|turn|39\n|\n|t:|1635914715\n|move|p2a: Togekiss|Air Slash|p1a: Blissey\n|-damage|p1a: Blissey|30\/100\n|cant|p1a: Blissey|flinch\n|\n|-heal|p2a: Togekiss|64\/100 tox|[from] item: Leftovers\n|-damage|p2a: Togekiss|45\/100 tox|[from] psn\n|upkeep\n|turn|40\n|\n|t:|1635914718\n|move|p2a: Togekiss|Air Slash|p1a: Blissey\n|-damage|p1a: Blissey|14\/100\n|move|p1a: Blissey|Soft-Boiled|p1a: Blissey\n|-heal|p1a: Blissey|64\/100\n|\n|-heal|p2a: Togekiss|51\/100 tox|[from] item: Leftovers\n|-damage|p2a: Togekiss|27\/100 tox|[from] psn\n|upkeep\n|turn|41\n|\n|t:|1635914721\n|switch|p2a: Diggersby|Diggersby, F|29\/100 tox\n|move|p1a: Blissey|Soft-Boiled|p1a: Blissey\n|-heal|p1a: Blissey|100\/100\n|\n|-damage|p2a: Diggersby|23\/100 tox|[from] psn\n|upkeep\n|turn|42\n|\n|t:|1635914723\n|switch|p1a: Slowbro|Slowbro, M, shiny|100\/100 tox\n|move|p2a: Diggersby|Knock Off|p1a: Slowbro\n|-supereffective|p1a: Slowbro\n|-damage|p1a: Slowbro|53\/100 tox\n|-damage|p2a: Diggersby|6\/100 tox|[from] item: Rocky Helmet|[of] p1a: Slowbro\n|-enditem|p1a: Slowbro|Rocky Helmet|[from] move: Knock Off|[of] p2a: Diggersby\n|\n|-damage|p2a: Diggersby|0 fnt|[from] psn\n|faint|p2a: Diggersby\n|-damage|p1a: Slowbro|47\/100 tox|[from] psn\n|upkeep\n|\n|t:|1635914727\n|switch|p2a: Inteleon|Inteleon, M|100\/100\n|turn|43\n|\n|t:|1635914734\n|move|p2a: Inteleon|Dark Pulse|p1a: Slowbro\n|-supereffective|p1a: Slowbro\n|-damage|p1a: Slowbro|0 fnt\n|faint|p1a: Slowbro\n|-damage|p2a: Inteleon|91\/100|[from] item: Life Orb\n|\n|upkeep\n|\n|t:|1635914737\n|switch|p1a: Blissey|Blissey, F, shiny|100\/100\n|turn|44\n|\n|t:|1635914741\n|switch|p2a: Togekiss|Togekiss, F|27\/100 tox\n|move|p1a: Blissey|Toxic|p2a: Togekiss\n|-fail|p2a: Togekiss|tox\n|\n|-heal|p2a: Togekiss|33\/100 tox|[from] item: Leftovers\n|-damage|p2a: Togekiss|27\/100 tox|[from] psn\n|upkeep\n|turn|45\n|\n|t:|1635914746\n|move|p2a: Togekiss|Roost|p2a: Togekiss\n|-heal|p2a: Togekiss|77\/100 tox\n|-singleturn|p2a: Togekiss|move: Roost\n|move|p1a: Blissey|Seismic Toss|p2a: Togekiss\n|-damage|p2a: Togekiss|50\/100 tox\n|\n|-heal|p2a: Togekiss|56\/100 tox|[from] item: Leftovers\n|-damage|p2a: Togekiss|44\/100 tox|[from] psn\n|upkeep\n|turn|46\n|\n|t:|1635914758\n|move|p2a: Togekiss|Air Slash|p1a: Blissey\n|-damage|p1a: Blissey|85\/100\n|cant|p1a: Blissey|flinch\n|\n|-heal|p2a: Togekiss|50\/100 tox|[from] item: Leftovers\n|-damage|p2a: Togekiss|32\/100 tox|[from] psn\n|upkeep\n|turn|47\n|\n|t:|1635914760\n|move|p2a: Togekiss|Air Slash|p1a: Blissey\n|-damage|p1a: Blissey|69\/100\n|cant|p1a: Blissey|flinch\n|\n|-heal|p2a: Togekiss|38\/100 tox|[from] item: Leftovers\n|-damage|p2a: Togekiss|13\/100 tox|[from] psn\n|upkeep\n|turn|48\n|\n|t:|1635914764\n|move|p2a: Togekiss|Air Slash|p1a: Blissey\n|-damage|p1a: Blissey|55\/100\n|cant|p1a: Blissey|flinch\n|\n|-heal|p2a: Togekiss|19\/100 tox|[from] item: Leftovers\n|-damage|p2a: Togekiss|0 fnt|[from] psn\n|faint|p2a: Togekiss\n|upkeep\n|\n|t:|1635914769\n|switch|p2a: Dragapult|Dragapult, M|100\/100\n|turn|49\n|\n|t:|1635914772\n|move|p2a: Dragapult|Dragon Dance|p2a: Dragapult\n|-boost|p2a: Dragapult|atk|1\n|-boost|p2a: Dragapult|spe|1\n|move|p1a: Blissey|Toxic|p2a: Dragapult\n|-status|p2a: Dragapult|tox\n|\n|-damage|p2a: Dragapult|95\/100 tox|[from] psn\n|upkeep\n|turn|50\n|\n|t:|1635914776\n|move|p2a: Dragapult|Dragon Dance|p2a: Dragapult\n|-boost|p2a: Dragapult|atk|1\n|-boost|p2a: Dragapult|spe|1\n|move|p1a: Blissey|Soft-Boiled|p1a: Blissey\n|-heal|p1a: Blissey|100\/100\n|\n|-damage|p2a: Dragapult|83\/100 tox|[from] psn\n|upkeep\n|turn|51\n|\n|t:|1635914779\n|switch|p1a: Corviknight|Corviknight, M, shiny|46\/100\n|-ability|p1a: Corviknight|Pressure\n|move|p2a: Dragapult|Dragon Darts|p1a: Corviknight\n|-resisted|p1a: Corviknight\n|-damage|p1a: Corviknight|30\/100\n|-anim|p2a: Dragapult|Dragon Darts|p1a: Corviknight\n|-resisted|p1a: Corviknight\n|-damage|p1a: Corviknight|15\/100\n|\n|-damage|p2a: Dragapult|65\/100 tox|[from] psn\n|upkeep\n|turn|52\n|\n|t:|1635914785\n|move|p2a: Dragapult|Dragon Darts|p1a: Corviknight\n|-resisted|p1a: Corviknight\n|-damage|p1a: Corviknight|0 fnt\n|faint|p1a: Corviknight\n|\n|-damage|p2a: Dragapult|41\/100 tox|[from] psn\n|upkeep\n|\n|t:|1635914787\n|switch|p1a: Blissey|Blissey, F, shiny|100\/100\n|turn|53\n|\n|t:|1635914790\n|move|p2a: Dragapult|Dragon Darts|p1a: Blissey\n|-damage|p1a: Blissey|61\/100\n|-anim|p2a: Dragapult|Dragon Darts|p1a: Blissey\n|-damage|p1a: Blissey|15\/100\n|move|p1a: Blissey|Soft-Boiled|p1a: Blissey\n|-heal|p1a: Blissey|65\/100\n|\n|-damage|p2a: Dragapult|11\/100 tox|[from] psn\n|upkeep\n|turn|54\n|\n|t:|1635914793\n|move|p2a: Dragapult|Dragon Darts|p1a: Blissey\n|-crit|p1a: Blissey\n|-damage|p1a: Blissey|5\/100\n|-anim|p2a: Dragapult|Dragon Darts|p1a: Blissey\n|-damage|p1a: Blissey|0 fnt\n|faint|p1a: Blissey\n|\n|-damage|p2a: Dragapult|0 fnt|[from] psn\n|faint|p2a: Dragapult\n|upkeep\n|\n|t:|1635914797\n|switch|p2a: Inteleon|Inteleon, M|91\/100\n|switch|p1a: Garchomp|Garchomp, F, shiny|100\/100\n|turn|55\n|\n|t:|1635914801\n|move|p1a: Garchomp|Outrage|p2a: Inteleon\n|-damage|p2a: Inteleon|0 fnt\n|faint|p2a: Inteleon\n|\n|win|galarian dragapult\n|raw|galarian dragapult's rating: 1734 &rarr; <strong>1749<\/strong><br \/>(+15 for winning)\n|raw|RST4's rating: 1651 &rarr; <strong>1636<\/strong><br \/>(-15 for losing)\n|c|\u2606RST4|gg\n|l|\u2606galarian dragapult\n","uploadtime":1635914813,"views":26,"p1id":"galariandragapult","p2id":"rst4","formatid":"gen8ou","rating":1636,"private":0,"password":null}