{"id":"gen8ou-1693926533","p1":"eelektrik funeral","p2":"Delibird Heart","format":"gen8ou","log":"|j|\u2606eelektrik funeral\n|j|\u2606Delibird Heart\n|inactive|Battle timer is ON: inactive players will automatically lose when time's up.\n|t:|1666646657\n|gametype|singles\n|player|p1|eelektrik funeral|workerice|\n|player|p2|Delibird Heart|guitarist-gen4|\n|teamsize|p1|6\n|teamsize|p2|6\n|gen|8\n|tier|[Gen 8] OU\n|rated|Tournament battle\n|rule|Sleep Clause Mod: Limit one foe put to sleep\n|rule|Species Clause: Limit one of each Pok\u00e9mon\n|rule|OHKO Clause: OHKO moves are banned\n|rule|Evasion Items Clause: Evasion items are banned\n|rule|Evasion Moves Clause: Evasion moves are banned\n|rule|Endless Battle Clause: Forcing endless battles is banned\n|rule|HP Percentage Mod: HP is shown in percentages\n|rule|Dynamax Clause: You cannot dynamax\n|rule|Inverse Mod: Weaknesses become resistances, while resistances and immunities become weaknesses.\n|\n|t:|1666646657\n|start\n|switch|p1a: The Raven|Corviknight, M|100\/100\n|switch|p2a: Mew|Mew|100\/100\n|-ability|p1a: The Raven|Pressure\n|turn|1\n|inactive|Delibird Heart also wants the timer to be on.\n|\n|t:|1666646666\n|move|p2a: Mew|Nasty Plot|p2a: Mew\n|-boost|p2a: Mew|spa|2\n|move|p1a: The Raven|U-turn|p2a: Mew\n|-resisted|p2a: Mew\n|-damage|p2a: Mew|87\/100\n|replace|p2a: Zoroark|Zoroark, F\n|-end|p2a: Zoroark|Illusion\n|\n|t:|1666646681\n|switch|p1a: It\u2019s just a phase|Keldeo-Resolute|100\/100|[from]move: U-turn\n|\n|upkeep\n|turn|2\n|j| ThisIsntHilarious\n|\n|t:|1666646688\n|move|p1a: It\u2019s just a phase|Scald|p2a: Zoroark\n|-damage|p2a: Zoroark|0 fnt\n|faint|p2a: Zoroark\n|\n|upkeep\n|\n|t:|1666646694\n|switch|p2a: Ditto|Ditto|100\/100\n|-transform|p2a: Ditto|p1a: It\u2019s just a phase|[from] ability: Imposter\n|turn|3\n|\n|t:|1666646720\n|switch|p1a: Lucky|Landorus-Therian, M|100\/100\n|-ability|p1a: Lucky|Intimidate|boost\n|-unboost|p2a: Ditto|atk|1\n|move|p2a: Ditto|Scald|p1a: Lucky\n|-resisted|p1a: Lucky\n|-damage|p1a: Lucky|84\/100\n|-status|p1a: Lucky|brn\n|\n|-heal|p1a: Lucky|90\/100 brn|[from] item: Leftovers\n|-damage|p1a: Lucky|84\/100 brn|[from] brn\n|upkeep\n|turn|4\n|\n|t:|1666646733\n|switch|p2a: Zeraora|Zeraora|100\/100\n|move|p1a: Lucky|Stealth Rock|p2a: Zeraora\n|-sidestart|p2: Delibird Heart|move: Stealth Rock\n|\n|-heal|p1a: Lucky|90\/100 brn|[from] item: Leftovers\n|-damage|p1a: Lucky|84\/100 brn|[from] brn\n|upkeep\n|turn|5\n|j|%moondazing\n|\n|t:|1666646751\n|switch|p1a: The Raven|Corviknight, M|100\/100\n|-ability|p1a: The Raven|Pressure\n|move|p2a: Zeraora|Bulk Up|p2a: Zeraora\n|-boost|p2a: Zeraora|atk|1\n|-boost|p2a: Zeraora|def|1\n|\n|upkeep\n|turn|6\n|l|\u2606eelektrik funeral\n|inactive|eelektrik funeral disconnected and has a minute to reconnect!\n|player|p1|\n|j| sufy512\n|j| Stryfe4\n|inactive|eelektrik funeral has 30 seconds to reconnect!\n|l| Stryfe4\n|inactive|eelektrik funeral has 20 seconds to reconnect!\n|inactive|eelektrik funeral has 15 seconds to reconnect!\n|inactive|eelektrik funeral has 10 seconds to reconnect!\n|j|\u2606eelektrik funeral\n|inactive|eelektrik funeral reconnected and has 90 seconds left.\n|player|p1|eelektrik funeral|workerice\n|\n|t:|1666646811\n|move|p2a: Zeraora|Bulk Up|p2a: Zeraora\n|-boost|p2a: Zeraora|atk|1\n|-boost|p2a: Zeraora|def|1\n|move|p1a: The Raven|Brave Bird|p2a: Zeraora\n|-supereffective|p2a: Zeraora\n|-damage|p2a: Zeraora|51\/100\n|-damage|p1a: The Raven|88\/100|[from] Recoil\n|\n|upkeep\n|turn|7\n|\n|t:|1666646827\n|move|p2a: Zeraora|Knock Off|p1a: The Raven\n|-damage|p1a: The Raven|33\/100\n|-damage|p2a: Zeraora|35\/100|[from] item: Rocky Helmet|[of] p1a: The Raven\n|-enditem|p1a: The Raven|Rocky Helmet|[from] move: Knock Off|[of] p2a: Zeraora\n|-damage|p2a: Zeraora|25\/100|[from] item: Life Orb\n|move|p1a: The Raven|Brave Bird|p2a: Zeraora\n|-supereffective|p2a: Zeraora\n|-damage|p2a: Zeraora|0 fnt\n|faint|p2a: Zeraora\n|-damage|p1a: The Raven|27\/100|[from] Recoil\n|\n|upkeep\n|c|\u2606Delibird Heart|full attack corv ???\n|\n|t:|1666646838\n|switch|p2a: Ditto|Ditto|100\/100\n|-damage|p2a: Ditto|88\/100|[from] Stealth Rock\n|-transform|p2a: Ditto|p1a: The Raven|[from] ability: Imposter\n|-ability|p2a: Ditto|Pressure\n|turn|8\n|\n|t:|1666646846\n|switch|p1a: It\u2019s just a phase|Keldeo-Resolute|100\/100\n|move|p2a: Ditto|Defog|p1a: It\u2019s just a phase\n|-unboost|p1a: It\u2019s just a phase|evasion|1\n|-sideend|p2: Delibird Heart|Stealth Rock|[from] move: Defog|[of] p2a: Ditto\n|\n|upkeep\n|turn|9\n|\n|t:|1666646869\n|switch|p2a: Durant|Durant, M|100\/100\n|move|p1a: It\u2019s just a phase|Scald|p2a: Durant\n|-damage|p2a: Durant|0 fnt\n|faint|p2a: Durant\n|\n|upkeep\n|\n|t:|1666646874\n|switch|p2a: Ninjask|Ninjask, M|100\/100\n|turn|10\n|inactive|eelektrik funeral has 120 seconds left.\n|\n|t:|1666646881\n|move|p2a: Ninjask|Swords Dance|p2a: Ninjask\n|-boost|p2a: Ninjask|atk|2\n|move|p1a: It\u2019s just a phase|Scald|p2a: Ninjask\n|-enditem|p2a: Ninjask|Focus Sash\n|-damage|p2a: Ninjask|1\/100\n|\n|-ability|p2a: Ninjask|Speed Boost|boost\n|-boost|p2a: Ninjask|spe|1\n|upkeep\n|turn|11\n|inactive|eelektrik funeral has 120 seconds left.\n|\n|t:|1666646891\n|switch|p1a: The Raven|Corviknight, M|27\/100\n|-ability|p1a: The Raven|Pressure\n|move|p2a: Ninjask|Leech Life|p1a: The Raven\n|-supereffective|p1a: The Raven\n|-damage|p1a: The Raven|0 fnt\n|-heal|p2a: Ninjask|21\/100|[from] drain|[of] p1a: The Raven\n|faint|p1a: The Raven\n|\n|-ability|p2a: Ninjask|Speed Boost|boost\n|-boost|p2a: Ninjask|spe|1\n|upkeep\n|inactive|eelektrik funeral has 120 seconds left.\n|\n|t:|1666646910\n|switch|p1a: Monkeynomics|Zarude|100\/100\n|turn|12\n|\n|t:|1666646915\n|move|p2a: Ninjask|Night Slash|p1a: Monkeynomics\n|-supereffective|p1a: Monkeynomics\n|-crit|p1a: Monkeynomics\n|-damage|p1a: Monkeynomics|0 fnt\n|faint|p1a: Monkeynomics\n|\n|-ability|p2a: Ninjask|Speed Boost|boost\n|-boost|p2a: Ninjask|spe|1\n|upkeep\n|inactive|eelektrik funeral has 120 seconds left.\n|c| sufy512|nah there's no way\n|\n|t:|1666646924\n|switch|p1a: Lucky|Landorus-Therian, M|84\/100 brn\n|-ability|p1a: Lucky|Intimidate|boost\n|-unboost|p2a: Ninjask|atk|1\n|turn|13\n|\n|t:|1666646930\n|move|p2a: Ninjask|Leech Life|p1a: Lucky\n|-supereffective|p1a: Lucky\n|-damage|p1a: Lucky|0 fnt\n|-heal|p2a: Ninjask|81\/100|[from] drain|[of] p1a: Lucky\n|faint|p1a: Lucky\n|\n|-ability|p2a: Ninjask|Speed Boost|boost\n|-boost|p2a: Ninjask|spe|1\n|upkeep\n|inactive|eelektrik funeral has 120 seconds left.\n|\n|t:|1666646941\n|switch|p1a: Catdog|Luxray, F|100\/100\n|turn|14\n|\n|t:|1666646944\n|move|p2a: Ninjask|Acrobatics|p1a: Catdog\n|-supereffective|p1a: Catdog\n|-damage|p1a: Catdog|0 fnt\n|faint|p1a: Catdog\n|\n|-ability|p2a: Ninjask|Speed Boost|boost\n|-boost|p2a: Ninjask|spe|1\n|upkeep\n|\n|t:|1666646952\n|switch|p1a: $2.50|Rotom-Wash|100\/100\n|turn|15\n|l| sufy512\n|\n|t:|1666646958\n|move|p2a: Ninjask|Acrobatics|p1a: $2.50\n|-supereffective|p1a: $2.50\n|-damage|p1a: $2.50|0 fnt\n|faint|p1a: $2.50\n|\n|-ability|p2a: Ninjask|Speed Boost|boost\n|-boost|p2a: Ninjask|spe|1\n|upkeep\n|\n|t:|1666646965\n|switch|p1a: It\u2019s just a phase|Keldeo-Resolute|100\/100\n|turn|16\n|\n|t:|1666646971\n|move|p2a: Ninjask|Leech Life|p1a: It\u2019s just a phase\n|-supereffective|p1a: It\u2019s just a phase\n|-damage|p1a: It\u2019s just a phase|0 fnt\n|-heal|p2a: Ninjask|100\/100|[from] drain|[of] p1a: It\u2019s just a phase\n|faint|p1a: It\u2019s just a phase\n|\n|win|Delibird Heart\n|n|\u2606Delibird Heart|delibirdheart\n|n| ThisIsntHilarious|thisisnthilarious\n|n|+moondazing|moondazing\n|n|\u2606eelektrik funeral|eelektrikfuneral\n|c|\u2606eelektrik funeral|gg\n|l| ThisIsntHilarious\n|c|\u2606Delibird Heart|gg\n|l|\u2606eelektrik funeral\n","uploadtime":1666646977,"views":40,"p1id":"eelektrikfuneral","p2id":"delibirdheart","formatid":"gen8ou","rating":0,"private":0,"password":null}