{"id":"gen8ou-1634110315","p1":"LT92PF Bee","p2":"2222mm","format":"gen8ou","log":"|raw|<div class=\"broadcast-blue\"><strong>This battle is required to be public due to a player having a name starting with 'lt92pf'.<\/div>\n|j|\u203dLT92PF Bee\n|j|\u26062222mm\n|t:|1659859593\n|gametype|singles\n|player|p1|LT92PF Bee|cynthia-masters|1723\n|player|p2|2222mm|wattson|1769\n|teamsize|p1|6\n|teamsize|p2|6\n|gen|8\n|tier|[Gen 8] OU\n|rated|\n|rule|Sleep Clause Mod: Limit one foe put to sleep\n|rule|Species Clause: Limit one of each Pok\u00e9mon\n|rule|OHKO Clause: OHKO moves are banned\n|rule|Evasion Items Clause: Evasion items are banned\n|rule|Evasion Moves Clause: Evasion moves are banned\n|rule|Endless Battle Clause: Forcing endless battles is banned\n|rule|HP Percentage Mod: HP is shown in percentages\n|rule|Dynamax Clause: You cannot dynamax\n|clearpoke\n|poke|p1|Urshifu-*, F|\n|poke|p1|Slowbro, F|\n|poke|p1|Heatran, F|\n|poke|p1|Tornadus-Therian, M|\n|poke|p1|Landorus-Therian, M|\n|poke|p1|Tapu Lele|\n|poke|p2|Zeraora|\n|poke|p2|Garchomp, F|\n|poke|p2|Corviknight, F|\n|poke|p2|Kingdra, M|\n|poke|p2|Slowking-Galar, F|\n|poke|p2|Pelipper, M|\n|teampreview\n|inactive|Battle timer is ON: inactive players will automatically lose when time's up. (requested by LT92PF Bee)\n|j| Yurisuna\n|\n|t:|1659859613\n|start\n|switch|p1a: Tapu Lele|Tapu Lele|100\/100\n|switch|p2a: Zeraora|Zeraora|100\/100\n|-fieldstart|move: Psychic Terrain|[from] ability: Psychic Surge|[of] p1a: Tapu Lele\n|turn|1\n|\n|t:|1659859624\n|move|p2a: Zeraora|Knock Off|p1a: Tapu Lele\n|-damage|p1a: Tapu Lele|54\/100\n|-enditem|p1a: Tapu Lele|Choice Specs|[from] move: Knock Off|[of] p2a: Zeraora\n|move|p1a: Tapu Lele|Psychic|p2a: Zeraora\n|-damage|p2a: Zeraora|20\/100\n|\n|-heal|p2a: Zeraora|26\/100|[from] item: Leftovers\n|upkeep\n|turn|2\n|\n|t:|1659859633\n|switch|p2a: Slowking|Slowking-Galar, F|100\/100\n|switch|p1a: Landorus|Landorus-Therian, M|100\/100\n|-ability|p1a: Landorus|Intimidate|boost\n|-unboost|p2a: Slowking|atk|1\n|\n|upkeep\n|turn|3\n|\n|t:|1659859638\n|switch|p1a: Heatran|Heatran, F|100\/100\n|move|p2a: Slowking|Scald|p1a: Heatran\n|-supereffective|p1a: Heatran\n|-damage|p1a: Heatran|66\/100\n|\n|-heal|p1a: Heatran|73\/100|[from] item: Leftovers\n|upkeep\n|turn|4\n|\n|t:|1659859649\n|move|p1a: Heatran|Stealth Rock|p2a: Slowking\n|-sidestart|p2: 2222mm|move: Stealth Rock\n|move|p2a: Slowking|Future Sight|p1a: Heatran\n|-start|p2a: Slowking|move: Future Sight\n|\n|-heal|p1a: Heatran|79\/100|[from] item: Leftovers\n|upkeep\n|turn|5\n|\n|t:|1659859659\n|switch|p1a: Slowbro|Slowbro, F|100\/100\n|switch|p2a: Pelipper|Pelipper, M|100\/100\n|-damage|p2a: Pelipper|76\/100|[from] Stealth Rock\n|-weather|RainDance|[from] ability: Drizzle|[of] p2a: Pelipper\n|\n|-weather|RainDance|[upkeep]\n|-fieldend|move: Psychic Terrain\n|upkeep\n|turn|6\n|\n|t:|1659859662\n|move|p2a: Pelipper|Hurricane|p1a: Slowbro\n|-damage|p1a: Slowbro|24\/100\n|-start|p1a: Slowbro|confusion\n|-activate|p1a: Slowbro|confusion\n|move|p1a: Slowbro|Teleport|p1a: Slowbro\n|\n|t:|1659859668\n|switch|p1a: Tornadus|Tornadus-Therian, M|100\/100|[from]move: Teleport\n|\n|-weather|RainDance|[upkeep]\n|-end|p1a: Tornadus|move: Future Sight\n|-damage|p1a: Tornadus|41\/100\n|upkeep\n|turn|7\n|\n|t:|1659859674\n|move|p1a: Tornadus|Hurricane|p2a: Pelipper\n|-damage|p2a: Pelipper|6\/100\n|move|p2a: Pelipper|Hurricane|p1a: Tornadus\n|-damage|p1a: Tornadus|0 fnt\n|faint|p1a: Tornadus\n|\n|-weather|RainDance|[upkeep]\n|upkeep\n|l| Yurisuna\n|\n|t:|1659859680\n|switch|p1a: Urshifu|Urshifu-Rapid-Strike, F|100\/100\n|turn|8\n|\n|t:|1659859689\n|move|p1a: Urshifu|Surging Strikes|p2a: Pelipper\n|-resisted|p2a: Pelipper\n|-crit|p2a: Pelipper\n|-damage|p2a: Pelipper|0 fnt\n|faint|p2a: Pelipper\n|-hitcount|p2: Pelipper|1\n|\n|-weather|RainDance|[upkeep]\n|upkeep\n|\n|t:|1659859692\n|switch|p2a: Kingdra|Kingdra, M|100\/100\n|-damage|p2a: Kingdra|88\/100|[from] Stealth Rock\n|turn|9\n|\n|t:|1659859721\n|switch|p1a: Heatran|Heatran, F|79\/100\n|move|p2a: Kingdra|Focus Energy|p2a: Kingdra\n|-start|p2a: Kingdra|move: Focus Energy\n|\n|-weather|none\n|-heal|p1a: Heatran|85\/100|[from] item: Leftovers\n|upkeep\n|turn|10\n|\n|t:|1659859727\n|switch|p1a: Slowbro|Slowbro, F|57\/100\n|move|p2a: Kingdra|Scale Shot|p1a: Slowbro\n|-crit|p1a: Slowbro\n|-damage|p1a: Slowbro|47\/100\n|-crit|p1a: Slowbro\n|-damage|p1a: Slowbro|37\/100\n|-crit|p1a: Slowbro\n|-damage|p1a: Slowbro|24\/100\n|-hitcount|p1a: Slowbro|3\n|-unboost|p2a: Kingdra|def|1\n|-boost|p2a: Kingdra|spe|1\n|\n|upkeep\n|turn|11\n|\n|t:|1659859734\n|switch|p1a: Tapu Lele|Tapu Lele|54\/100\n|-fieldstart|move: Psychic Terrain|[from] ability: Psychic Surge|[of] p1a: Tapu Lele\n|move|p2a: Kingdra|Scale Shot|p1a: Tapu Lele\n|-immune|p1a: Tapu Lele\n|\n|upkeep\n|turn|12\n|\n|t:|1659859740\n|switch|p1a: Slowbro|Slowbro, F|57\/100\n|move|p2a: Kingdra|Hydro Pump|p1a: Slowbro\n|-resisted|p1a: Slowbro\n|-crit|p1a: Slowbro\n|-damage|p1a: Slowbro|0 fnt\n|faint|p1a: Slowbro\n|\n|upkeep\n|\n|t:|1659859744\n|switch|p1a: Urshifu|Urshifu-Rapid-Strike, F|100\/100\n|turn|13\n|\n|t:|1659859749\n|switch|p2a: Slowking|Slowking-Galar, F|100\/100\n|-damage|p2a: Slowking|88\/100|[from] Stealth Rock\n|move|p1a: Urshifu|Close Combat|p2a: Slowking\n|-resisted|p2a: Slowking\n|-damage|p2a: Slowking|71\/100\n|-unboost|p1a: Urshifu|def|1\n|-unboost|p1a: Urshifu|spd|1\n|\n|upkeep\n|turn|14\n|j| Ebullient Days\n|\n|t:|1659859758\n|switch|p1a: Landorus|Landorus-Therian, M|100\/100\n|-ability|p1a: Landorus|Intimidate|boost\n|-unboost|p2a: Slowking|atk|1\n|switch|p2a: Kingdra|Kingdra, M|88\/100\n|-damage|p2a: Kingdra|76\/100|[from] Stealth Rock\n|\n|upkeep\n|turn|15\n|\n|t:|1659859768\n|move|p1a: Landorus|Earthquake|p2a: Kingdra\n|-damage|p2a: Kingdra|7\/100\n|move|p2a: Kingdra|Hydro Pump|p1a: Landorus\n|-supereffective|p1a: Landorus\n|-damage|p1a: Landorus|0 fnt\n|faint|p1a: Landorus\n|\n|-fieldend|move: Psychic Terrain\n|upkeep\n|\n|t:|1659859773\n|switch|p1a: Urshifu|Urshifu-Rapid-Strike, F|100\/100\n|turn|16\n|\n|t:|1659859780\n|move|p1a: Urshifu|Surging Strikes|p2a: Kingdra\n|-resisted|p2a: Kingdra\n|-crit|p2a: Kingdra\n|-damage|p2a: Kingdra|1\/100\n|-resisted|p2a: Kingdra\n|-crit|p2a: Kingdra\n|-damage|p2a: Kingdra|0 fnt\n|faint|p2a: Kingdra\n|-hitcount|p2: Kingdra|2\n|\n|upkeep\n|\n|t:|1659859787\n|switch|p2a: Corviknight|Corviknight, F|100\/100\n|-damage|p2a: Corviknight|88\/100|[from] Stealth Rock\n|-ability|p2a: Corviknight|Pressure\n|turn|17\n|l| Ebullient Days\n|inactive|LT92PF Bee has 120 seconds left.\n|\n|t:|1659859836\n|switch|p1a: Heatran|Heatran, F|85\/100\n|move|p2a: Corviknight|Defog|p1a: Heatran\n|-unboost|p1a: Heatran|evasion|1\n|-sideend|p2: 2222mm|Stealth Rock|[from] move: Defog|[of] p2a: Corviknight\n|\n|-heal|p1a: Heatran|91\/100|[from] item: Leftovers\n|upkeep\n|turn|18\n|\n|t:|1659859840\n|switch|p2a: Garchomp|Garchomp, F|100\/100\n|move|p1a: Heatran|Stealth Rock|p2a: Garchomp\n|-sidestart|p2: 2222mm|move: Stealth Rock\n|\n|-heal|p1a: Heatran|97\/100|[from] item: Leftovers\n|upkeep\n|turn|19\n|\n|t:|1659859845\n|switch|p1a: Urshifu|Urshifu-Rapid-Strike, F|100\/100\n|move|p2a: Garchomp|Earthquake|p1a: Urshifu\n|-damage|p1a: Urshifu|56\/100\n|\n|upkeep\n|turn|20\n|\n|t:|1659859854\n|switch|p2a: Corviknight|Corviknight, F|88\/100\n|-damage|p2a: Corviknight|76\/100|[from] Stealth Rock\n|-ability|p2a: Corviknight|Pressure\n|move|p1a: Urshifu|Ice Punch|p2a: Corviknight\n|-damage|p2a: Corviknight|59\/100\n|-damage|p1a: Urshifu|40\/100|[from] item: Rocky Helmet|[of] p2a: Corviknight\n|\n|upkeep\n|turn|21\n|\n|t:|1659859858\n|switch|p1a: Heatran|Heatran, F|97\/100\n|move|p2a: Corviknight|Roost|p2a: Corviknight\n|-heal|p2a: Corviknight|100\/100\n|-singleturn|p2a: Corviknight|move: Roost\n|\n|-heal|p1a: Heatran|100\/100|[from] item: Leftovers\n|upkeep\n|turn|22\n|\n|t:|1659859870\n|switch|p1a: Tapu Lele|Tapu Lele|54\/100\n|-fieldstart|move: Psychic Terrain|[from] ability: Psychic Surge|[of] p1a: Tapu Lele\n|switch|p2a: Garchomp|Garchomp, F|100\/100\n|-damage|p2a: Garchomp|94\/100|[from] Stealth Rock\n|\n|-heal|p2a: Garchomp|100\/100|[from] item: Leftovers\n|upkeep\n|turn|23\n|\n|t:|1659859878\n|move|p1a: Tapu Lele|Moonblast|p2a: Garchomp\n|-supereffective|p2a: Garchomp\n|-damage|p2a: Garchomp|23\/100\n|-unboost|p2a: Garchomp|spa|1\n|move|p2a: Garchomp|Earthquake|p1a: Tapu Lele\n|-damage|p1a: Tapu Lele|0 fnt\n|faint|p1a: Tapu Lele\n|\n|-heal|p2a: Garchomp|30\/100|[from] item: Leftovers\n|upkeep\n|\n|t:|1659859883\n|switch|p1a: Urshifu|Urshifu-Rapid-Strike, F|40\/100\n|turn|24\n|\n|t:|1659859891\n|switch|p1a: Heatran|Heatran, F|100\/100\n|switch|p2a: Slowking|Slowking-Galar, F|100\/100\n|-damage|p2a: Slowking|88\/100|[from] Stealth Rock\n|\n|upkeep\n|turn|25\n|\n|t:|1659859902\n|move|p1a: Heatran|Magma Storm|p2a: Slowking\n|-damage|p2a: Slowking|66\/100\n|-activate|p2a: Slowking|move: Magma Storm|[of] p1a: Heatran\n|move|p2a: Slowking|Scald|p1a: Heatran\n|-supereffective|p1a: Heatran\n|-damage|p1a: Heatran|69\/100\n|\n|-heal|p1a: Heatran|76\/100|[from] item: Leftovers\n|-damage|p2a: Slowking|53\/100|[from] move: Magma Storm|[partiallytrapped]\n|upkeep\n|turn|26\n|\n|t:|1659859905\n|move|p1a: Heatran|Earth Power|p2a: Slowking\n|-supereffective|p2a: Slowking\n|-damage|p2a: Slowking|25\/100\n|move|p2a: Slowking|Scald|p1a: Heatran\n|-supereffective|p1a: Heatran\n|-damage|p1a: Heatran|44\/100\n|\n|-heal|p1a: Heatran|50\/100|[from] item: Leftovers\n|-damage|p2a: Slowking|13\/100|[from] move: Magma Storm|[partiallytrapped]\n|-fieldend|move: Psychic Terrain\n|upkeep\n|turn|27\n|\n|t:|1659859908\n|move|p1a: Heatran|Earth Power|p2a: Slowking\n|-supereffective|p2a: Slowking\n|-damage|p2a: Slowking|0 fnt\n|faint|p2a: Slowking\n|\n|-heal|p1a: Heatran|56\/100|[from] item: Leftovers\n|upkeep\n|\n|t:|1659859917\n|switch|p2a: Garchomp|Garchomp, F|30\/100\n|-damage|p2a: Garchomp|23\/100|[from] Stealth Rock\n|turn|28\n|\n|t:|1659859929\n|move|p2a: Garchomp|Earthquake|p1a: Heatran\n|-supereffective|p1a: Heatran\n|-damage|p1a: Heatran|0 fnt\n|faint|p1a: Heatran\n|\n|-heal|p2a: Garchomp|30\/100|[from] item: Leftovers\n|upkeep\n|-message|LT92PF Bee forfeited.\n|\n|win|2222mm\n|raw|LT92PF Bee's rating: 1740 &rarr; <strong>1722<\/strong><br \/>(-18 for losing)\n|raw|2222mm's rating: 1769 &rarr; <strong>1787<\/strong><br \/>(+18 for winning)\n|l|\u203dLT92PF Bee\n|l|\u26062222mm\n|j| pokeda\n","uploadtime":1659859943,"views":49,"p1id":"lt92pfbee","p2id":"2222mm","formatid":"gen8ou","rating":1722,"private":0,"password":null}