{"id":"gen8ou-1278258155","p1":"damorush","p2":"AxisKiSe","format":"gen8ou","log":"|j|\u2606damorush\n|j|\u2606AxisKiSe\n|t:|1612774008\n|player|p1|damorush|steven|1360\n|player|p2|AxisKiSe|skyla|1379\n|teamsize|p1|6\n|teamsize|p2|6\n|gametype|singles\n|gen|8\n|tier|[Gen 8] OU\n|rated|\n|clearpoke\n|poke|p1|Urshifu-*, F|\n|poke|p1|Dragapult, M|\n|poke|p1|Heatran, F|\n|poke|p1|Tapu Lele|\n|poke|p1|Shuckle, M|\n|poke|p1|Hawlucha, F|\n|poke|p2|Zapdos-Galar|\n|poke|p2|Clefable, M|\n|poke|p2|Moltres-Galar|\n|poke|p2|Blissey, F|\n|poke|p2|Urshifu-*, M|\n|poke|p2|Cinderace, F|\n|rule|Sleep Clause Mod: Limit one foe put to sleep\n|rule|Species Clause: Limit one of each Pok\u00e9mon\n|rule|OHKO Clause: OHKO moves are banned\n|rule|Evasion Moves Clause: Evasion moves are banned\n|rule|Endless Battle Clause: Forcing endless battles is banned\n|rule|HP Percentage Mod: HP is shown in percentages\n|rule|Dynamax Clause: You cannot dynamax\n|teampreview\n|inactive|Battle timer is ON: inactive players will automatically lose when time's up. (requested by AxisKiSe)\n|\n|t:|1612774027\n|start\n|switch|p1a: Urshifu|Urshifu-Rapid-Strike, F|100\/100\n|switch|p2a: Clefable|Clefable, M|100\/100\n|turn|1\n|\n|t:|1612774034\n|move|p1a: Urshifu|U-turn|p2a: Clefable\n|-resisted|p2a: Clefable\n|-damage|p2a: Clefable|77\/100\n|\n|t:|1612774038\n|switch|p1a: Heatran|Heatran, F|100\/100|[from]move: U-turn\n|-item|p1a: Heatran|Air Balloon\n|move|p2a: Clefable|Cosmic Power|p2a: Clefable\n|-boost|p2a: Clefable|def|1\n|-boost|p2a: Clefable|spd|1\n|\n|-heal|p2a: Clefable|83\/100|[from] item: Leftovers\n|upkeep\n|turn|2\n|\n|t:|1612774052\n|switch|p2a: Moltres|Moltres-Galar|100\/100\n|move|p1a: Heatran|Taunt|p2a: Moltres\n|-start|p2a: Moltres|move: Taunt\n|\n|upkeep\n|turn|3\n|\n|t:|1612774059\n|move|p1a: Heatran|Toxic|p2a: Moltres\n|-status|p2a: Moltres|tox\n|move|p2a: Moltres|Fiery Wrath|p1a: Heatran\n|-damage|p1a: Heatran|72\/100\n|-enditem|p1a: Heatran|Air Balloon\n|\n|-damage|p2a: Moltres|94\/100 tox|[from] psn\n|upkeep\n|turn|4\n|\n|t:|1612774076\n|switch|p2a: Urshifu|Urshifu-Rapid-Strike, M|100\/100\n|move|p1a: Heatran|Magma Storm|p2a: Urshifu|[miss]\n|-miss|p1a: Heatran|p2a: Urshifu\n|\n|upkeep\n|turn|5\n|\n|t:|1612774091\n|switch|p1a: Dragapult|Dragapult, M|100\/100\n|move|p2a: Urshifu|Surging Strikes|p1a: Dragapult\n|-resisted|p1a: Dragapult\n|-crit|p1a: Dragapult\n|-damage|p1a: Dragapult|87\/100\n|-resisted|p1a: Dragapult\n|-crit|p1a: Dragapult\n|-damage|p1a: Dragapult|74\/100\n|-resisted|p1a: Dragapult\n|-crit|p1a: Dragapult\n|-damage|p1a: Dragapult|60\/100\n|-hitcount|p1a: Dragapult|3\n|\n|upkeep\n|turn|6\n|\n|t:|1612774103\n|switch|p2a: Clefable|Clefable, M|83\/100\n|move|p1a: Dragapult|U-turn|p2a: Clefable\n|-resisted|p2a: Clefable\n|-damage|p2a: Clefable|74\/100\n|\n|t:|1612774109\n|switch|p1a: Shuckle|Shuckle, M|100\/100|[from]move: U-turn\n|\n|-heal|p2a: Clefable|80\/100|[from] item: Leftovers\n|upkeep\n|turn|7\n|\n|t:|1612774115\n|move|p2a: Clefable|Flamethrower|p1a: Shuckle\n|-damage|p1a: Shuckle|87\/100\n|-enditem|p1a: Shuckle|Red Card|[of] p2a: Clefable\n|drag|p2a: Moltres|Moltres-Galar|94\/100 tox\n|move|p1a: Shuckle|Sticky Web|p2a: Moltres\n|-sidestart|p2: AxisKiSe|move: Sticky Web\n|\n|-damage|p2a: Moltres|88\/100 tox|[from] psn\n|upkeep\n|turn|8\n|\n|t:|1612774129\n|move|p2a: Moltres|Hurricane|p1a: Shuckle\n|-damage|p1a: Shuckle|61\/100\n|move|p1a: Shuckle|Encore|p2a: Moltres\n|-start|p2a: Moltres|Encore\n|\n|-damage|p2a: Moltres|75\/100 tox|[from] psn\n|upkeep\n|turn|9\n|\n|t:|1612774137\n|switch|p2a: Cinderace|Cinderace, F|100\/100\n|move|p1a: Shuckle|Stealth Rock|p2a: Cinderace\n|-sidestart|p2: AxisKiSe|move: Stealth Rock\n|\n|upkeep\n|turn|10\n|\n|t:|1612774143\n|move|p2a: Cinderace|Court Change|p2a: Cinderace\n|-start|p2a: Cinderace|typechange|Normal|[from] ability: Libero\n|-sideend|p2: AxisKiSe|Stealth Rock|[silent]\n|-sidestart|p1: damorush|Stealth Rock|[silent]\n|-sideend|p2: AxisKiSe|Sticky Web|[silent]\n|-sidestart|p1: damorush|Sticky Web|[silent]\n|-activate|p2a: Cinderace|move: Court Change\n|move|p1a: Shuckle|Encore|p2a: Cinderace\n|-start|p2a: Cinderace|Encore\n|\n|upkeep\n|turn|11\n|\n|t:|1612774151\n|switch|p2a: Urshifu|Urshifu-Rapid-Strike, M|100\/100\n|move|p1a: Shuckle|Sticky Web|p2a: Urshifu\n|-sidestart|p2: AxisKiSe|move: Sticky Web\n|\n|upkeep\n|turn|12\n|\n|t:|1612774155\n|move|p2a: Urshifu|Surging Strikes|p1a: Shuckle\n|-supereffective|p1a: Shuckle\n|-crit|p1a: Shuckle\n|-damage|p1a: Shuckle|37\/100\n|-supereffective|p1a: Shuckle\n|-crit|p1a: Shuckle\n|-damage|p1a: Shuckle|12\/100\n|-supereffective|p1a: Shuckle\n|-crit|p1a: Shuckle\n|-damage|p1a: Shuckle|0 fnt\n|-hitcount|p1a: Shuckle|3\n|faint|p1a: Shuckle\n|\n|upkeep\n|inactive|damorush has 120 seconds left.\n|inactive|damorush has 90 seconds left.\n|\n|t:|1612774227\n|switch|p1a: Tapu Lele|Tapu Lele|100\/100\n|-activate|p1a: Tapu Lele|move: Sticky Web\n|-unboost|p1a: Tapu Lele|spe|1\n|-damage|p1a: Tapu Lele|88\/100|[from] Stealth Rock\n|-fieldstart|move: Psychic Terrain|[from] ability: Psychic Surge|[of] p1a: Tapu Lele\n|turn|13\n|\n|t:|1612774238\n|switch|p2a: Blissey|Blissey, F|100\/100\n|switch|p1a: Dragapult|Dragapult, M|60\/100\n|-activate|p1a: Dragapult|move: Sticky Web\n|-unboost|p1a: Dragapult|spe|1\n|-damage|p1a: Dragapult|48\/100|[from] Stealth Rock\n|\n|upkeep\n|turn|14\n|\n|t:|1612774247\n|move|p1a: Dragapult|U-turn|p2a: Blissey\n|-damage|p2a: Blissey|85\/100\n|\n|t:|1612774253\n|switch|p1a: Urshifu|Urshifu-Rapid-Strike, F|100\/100|[from]move: U-turn\n|-activate|p1a: Urshifu|move: Sticky Web\n|-unboost|p1a: Urshifu|spe|1\n|-damage|p1a: Urshifu|94\/100|[from] Stealth Rock\n|move|p2a: Blissey|Wish|p2a: Blissey\n|\n|upkeep\n|turn|15\n|inactive|damorush has 90 seconds left.\n|\n|t:|1612774280\n|switch|p2a: Urshifu|Urshifu-Rapid-Strike, M|100\/100\n|-activate|p2a: Urshifu|move: Sticky Web\n|-unboost|p2a: Urshifu|spe|1\n|move|p1a: Urshifu|Surging Strikes|p2a: Urshifu\n|-resisted|p2a: Urshifu\n|-crit|p2a: Urshifu\n|-damage|p2a: Urshifu|83\/100\n|-resisted|p2a: Urshifu\n|-crit|p2a: Urshifu\n|-damage|p2a: Urshifu|68\/100\n|-resisted|p2a: Urshifu\n|-crit|p2a: Urshifu\n|-damage|p2a: Urshifu|51\/100\n|-hitcount|p2a: Urshifu|3\n|\n|-heal|p2a: Urshifu|100\/100|[from] move: Wish|[wisher] Blissey\n|upkeep\n|turn|16\n|inactive|damorush has 90 seconds left.\n|\n|t:|1612774296\n|switch|p1a: Dragapult|Dragapult, M|48\/100\n|-activate|p1a: Dragapult|move: Sticky Web\n|-unboost|p1a: Dragapult|spe|1\n|-damage|p1a: Dragapult|35\/100|[from] Stealth Rock\n|move|p2a: Urshifu|Close Combat|p1a: Dragapult\n|-immune|p1a: Dragapult\n|\n|upkeep\n|turn|17\n|\n|t:|1612774307\n|switch|p2a: Moltres|Moltres-Galar|75\/100 tox\n|move|p1a: Dragapult|U-turn|p2a: Moltres\n|-crit|p2a: Moltres\n|-damage|p2a: Moltres|57\/100 tox\n|\n|t:|1612774314\n|switch|p1a: Hawlucha|Hawlucha, F|100\/100|[from]move: U-turn\n|-damage|p1a: Hawlucha|88\/100|[from] Stealth Rock\n|-enditem|p1a: Hawlucha|Psychic Seed\n|-boost|p1a: Hawlucha|spd|1|[from] item: Psychic Seed\n|\n|-damage|p2a: Moltres|50\/100 tox|[from] psn\n|-fieldend|move: Psychic Terrain\n|upkeep\n|turn|18\n|\n|t:|1612774326\n|move|p1a: Hawlucha|Swords Dance|p1a: Hawlucha\n|-boost|p1a: Hawlucha|atk|2\n|move|p2a: Moltres|Hurricane|p1a: Hawlucha\n|-supereffective|p1a: Hawlucha\n|-damage|p1a: Hawlucha|0 fnt\n|faint|p1a: Hawlucha\n|\n|-damage|p2a: Moltres|38\/100 tox|[from] psn\n|upkeep\n|\n|t:|1612774335\n|switch|p1a: Urshifu|Urshifu-Rapid-Strike, F|94\/100\n|-activate|p1a: Urshifu|move: Sticky Web\n|-unboost|p1a: Urshifu|spe|1\n|-damage|p1a: Urshifu|88\/100|[from] Stealth Rock\n|turn|19\n|inactive|damorush has 90 seconds left.\n|\n|t:|1612774344\n|switch|p2a: Urshifu|Urshifu-Rapid-Strike, M|100\/100\n|-activate|p2a: Urshifu|move: Sticky Web\n|-unboost|p2a: Urshifu|spe|1\n|move|p1a: Urshifu|Aqua Jet|p2a: Urshifu\n|-resisted|p2a: Urshifu\n|-damage|p2a: Urshifu|82\/100\n|\n|upkeep\n|turn|20\n|l|\u2606damorush\n|inactive|damorush disconnected and has a minute to reconnect!\n|player|p1|\n|inactive|damorush has 30 seconds to reconnect!\n|inactive|damorush has 20 seconds to reconnect!\n|inactive|damorush has 15 seconds to reconnect!\n|inactive|damorush has 10 seconds to reconnect!\n|inactive|damorush has 5 seconds to reconnect!\n|-message|damorush lost due to inactivity.\n|\n|win|AxisKiSe\n|raw|damorush's rating: 1360 &rarr; <strong>1341<\/strong><br \/>(-19 for losing)\n|raw|AxisKiSe's rating: 1379 &rarr; <strong>1398<\/strong><br \/>(+19 for winning)\n","uploadtime":1612774417,"views":89,"p1id":"damorush","p2id":"axiskise","formatid":"gen8ou","rating":1341,"private":0,"password":null}