{"id":"gen8ou-1692178530","p1":"HarmonyHatterene37","p2":"gaenisalbino","format":"gen8ou","log":"|html|<div class=\"broadcast-blue\"><strong>[Gen 8] OU is currently suspecting Melmetal! For information on how to participate check out the <a href=\"https:\/\/www.smogon.com\/forums\/threads\/np-ss-ou-suspect-process-round-12-monster-mash.3709234\/\">suspect thread<\/a>.<\/strong><\/div>\n|j|\u2606HarmonyHatterene37\n|j|\u2606gaenisalbino\n|t:|1666459290\n|gametype|singles\n|player|p1|HarmonyHatterene37|170|1582\n|player|p2|gaenisalbino|266|1592\n|teamsize|p1|6\n|teamsize|p2|6\n|gen|8\n|tier|[Gen 8] OU\n|rated|\n|rule|Sleep Clause Mod: Limit one foe put to sleep\n|rule|Species Clause: Limit one of each Pok\u00e9mon\n|rule|OHKO Clause: OHKO moves are banned\n|rule|Evasion Items Clause: Evasion items are banned\n|rule|Evasion Moves Clause: Evasion moves are banned\n|rule|Endless Battle Clause: Forcing endless battles is banned\n|rule|HP Percentage Mod: HP is shown in percentages\n|rule|Dynamax Clause: You cannot dynamax\n|clearpoke\n|poke|p1|Hatterene, F|\n|poke|p1|Melmetal|\n|poke|p1|Crawdaunt, F|\n|poke|p1|Marowak-Alola, M|\n|poke|p1|Porygon2|\n|poke|p1|Cresselia, F|\n|poke|p2|Landorus-Therian, M|\n|poke|p2|Ferrothorn, M|\n|poke|p2|Kartana|\n|poke|p2|Heatran, M|\n|poke|p2|Clefable, F|\n|poke|p2|Weavile, M|\n|teampreview\n|inactive|Battle timer is ON: inactive players will automatically lose when time's up. (requested by HarmonyHatterene37)\n|inactive|gaenisalbino has 120 seconds left.\n|\n|t:|1666459324\n|start\n|switch|p1a: Hatterene|Hatterene, F|100\/100\n|switch|p2a: Weavile|Weavile, M|100\/100\n|-ability|p2a: Weavile|Pressure\n|turn|1\n|\n|t:|1666459332\n|move|p2a: Weavile|Triple Axel|p1a: Hatterene\n|-damage|p1a: Hatterene|88\/100\n|-damage|p1a: Hatterene|62\/100\n|-damage|p1a: Hatterene|24\/100\n|-hitcount|p1a: Hatterene|3\n|move|p1a: Hatterene|Trick Room|p1a: Hatterene\n|-fieldstart|move: Trick Room|[of] p1a: Hatterene\n|\n|upkeep\n|turn|2\n|\n|t:|1666459339\n|switch|p2a: Heatran|Heatran, M, shiny|100\/100\n|move|p1a: Hatterene|Future Sight|p2a: Heatran\n|-start|p1a: Hatterene|move: Future Sight\n|\n|upkeep\n|turn|3\n|\n|t:|1666459344\n|move|p1a: Hatterene|Misty Explosion|p2a: Heatran\n|-resisted|p2a: Heatran\n|-damage|p2a: Heatran|92\/100\n|faint|p1a: Hatterene\n|move|p2a: Heatran|Magma Storm|p1: Hatterene|[notarget]\n|-fail|p2a: Heatran\n|\n|-heal|p2a: Heatran|98\/100|[from] item: Leftovers\n|upkeep\n|\n|t:|1666459358\n|switch|p1a: Crawdaunt|Crawdaunt, F|100\/100\n|turn|4\n|\n|t:|1666459370\n|switch|p2a: Ferrothorn|Ferrothorn, M|100\/100\n|move|p1a: Crawdaunt|Swords Dance|p1a: Crawdaunt\n|-boost|p1a: Crawdaunt|atk|2\n|\n|-end|p2a: Ferrothorn|move: Future Sight\n|-resisted|p2a: Ferrothorn\n|-damage|p2a: Ferrothorn|70\/100\n|-heal|p2a: Ferrothorn|76\/100|[from] item: Leftovers\n|upkeep\n|turn|5\n|\n|t:|1666459375\n|switch|p2a: Clefable|Clefable, F|100\/100\n|move|p1a: Crawdaunt|Knock Off|p2a: Clefable\n|-resisted|p2a: Clefable\n|-damage|p2a: Clefable|34\/100\n|-enditem|p2a: Clefable|Sticky Barb|[from] move: Knock Off|[of] p1a: Crawdaunt\n|-damage|p1a: Crawdaunt|90\/100|[from] item: Life Orb\n|\n|-fieldend|move: Trick Room\n|upkeep\n|turn|6\n|\n|t:|1666459390\n|move|p2a: Clefable|Moonblast|p1a: Crawdaunt\n|-supereffective|p1a: Crawdaunt\n|-damage|p1a: Crawdaunt|0 fnt\n|faint|p1a: Crawdaunt\n|\n|upkeep\n|\n|t:|1666459405\n|switch|p1a: Porygon2|Porygon2|100\/100\n|-ability|p1a: Porygon2|Magic Guard|[from] ability: Trace|[of] p2a: Clefable\n|turn|7\n|\n|t:|1666459408\n|move|p2a: Clefable|Soft-Boiled|p2a: Clefable\n|-heal|p2a: Clefable|84\/100\n|move|p1a: Porygon2|Trick Room|p1a: Porygon2\n|-fieldstart|move: Trick Room|[of] p1a: Porygon2\n|\n|upkeep\n|turn|8\n|\n|t:|1666459410\n|move|p2a: Clefable|Stealth Rock|p1a: Porygon2\n|-sidestart|p1: HarmonyHatterene37|move: Stealth Rock\n|move|p1a: Porygon2|Teleport|p1a: Porygon2\n|\n|t:|1666459413\n|switch|p1a: Melmetal|Melmetal|100\/100|[from]move: Teleport\n|-damage|p1a: Melmetal|94\/100|[from] Stealth Rock\n|\n|upkeep\n|turn|9\n|\n|t:|1666459422\n|switch|p2a: Ferrothorn|Ferrothorn, M|76\/100\n|move|p1a: Melmetal|Superpower|p2a: Ferrothorn\n|-supereffective|p2a: Ferrothorn\n|-damage|p2a: Ferrothorn|0 fnt\n|-unboost|p1a: Melmetal|atk|1\n|-unboost|p1a: Melmetal|def|1\n|-damage|p1a: Melmetal|82\/100|[from] ability: Iron Barbs|[of] p2a: Ferrothorn\n|faint|p2a: Ferrothorn\n|-damage|p1a: Melmetal|72\/100|[from] item: Life Orb\n|\n|upkeep\n|\n|t:|1666459429\n|switch|p2a: Landorus|Landorus-Therian, M|100\/100\n|-ability|p2a: Landorus|Intimidate|boost\n|-unboost|p1a: Melmetal|atk|1\n|turn|10\n|\n|t:|1666459433\n|switch|p1a: Cresselia|Cresselia, F|100\/100\n|-damage|p1a: Cresselia|88\/100|[from] Stealth Rock\n|move|p2a: Landorus|Earthquake|p1a: Cresselia\n|-immune|p1a: Cresselia|[from] ability: Levitate\n|\n|upkeep\n|turn|11\n|\n|t:|1666459447\n|switch|p2a: Kartana|Kartana|100\/100\n|move|p1a: Cresselia|Moonlight|p1a: Cresselia\n|-heal|p1a: Cresselia|100\/100\n|\n|-fieldend|move: Trick Room\n|upkeep\n|turn|12\n|\n|t:|1666459452\n|move|p2a: Kartana|Leaf Blade|p1a: Cresselia\n|-crit|p1a: Cresselia\n|-damage|p1a: Cresselia|38\/100\n|-damage|p2a: Kartana|84\/100|[from] item: Rocky Helmet|[of] p1a: Cresselia\n|move|p1a: Cresselia|Trick Room|p1a: Cresselia\n|-fieldstart|move: Trick Room|[of] p1a: Cresselia\n|\n|upkeep\n|turn|13\n|\n|t:|1666459462\n|switch|p1a: Marowak|Marowak-Alola, M|100\/100\n|-damage|p1a: Marowak|75\/100|[from] Stealth Rock\n|move|p2a: Kartana|Leaf Blade|p1a: Marowak\n|-resisted|p1a: Marowak\n|-damage|p1a: Marowak|30\/100\n|\n|upkeep\n|turn|14\n|\n|t:|1666459469\n|move|p1a: Marowak|Swords Dance|p1a: Marowak\n|-boost|p1a: Marowak|atk|2\n|move|p2a: Kartana|Leaf Blade|p1a: Marowak\n|-resisted|p1a: Marowak\n|-damage|p1a: Marowak|0 fnt\n|faint|p1a: Marowak\n|-ability|p2a: Kartana|Beast Boost|boost\n|-boost|p2a: Kartana|atk|1\n|\n|upkeep\n|\n|t:|1666459475\n|switch|p1a: Melmetal|Melmetal|72\/100\n|-damage|p1a: Melmetal|66\/100|[from] Stealth Rock\n|turn|15\n|c|\u2606gaenisalbino|gg\n|\n|t:|1666459480\n|switch|p2a: Landorus|Landorus-Therian, M|100\/100\n|-ability|p2a: Landorus|Intimidate|boost\n|-unboost|p1a: Melmetal|atk|1\n|move|p1a: Melmetal|Double Iron Bash|p2a: Landorus\n|-damage|p2a: Landorus|60\/100\n|-damage|p2a: Landorus|21\/100\n|-hitcount|p2a: Landorus|2\n|-damage|p1a: Melmetal|56\/100|[from] item: Life Orb\n|\n|upkeep\n|turn|16\n|\n|t:|1666459495\n|switch|p2a: Heatran|Heatran, M, shiny|98\/100\n|move|p1a: Melmetal|Earthquake|p2a: Heatran\n|-supereffective|p2a: Heatran\n|-damage|p2a: Heatran|0 fnt\n|faint|p2a: Heatran\n|-damage|p1a: Melmetal|46\/100|[from] item: Life Orb\n|\n|-fieldend|move: Trick Room\n|upkeep\n|\n|t:|1666459499\n|switch|p2a: Weavile|Weavile, M|100\/100\n|-ability|p2a: Weavile|Pressure\n|turn|17\n|\n|t:|1666459525\n|switch|p1a: Porygon2|Porygon2|100\/100\n|-damage|p1a: Porygon2|88\/100|[from] Stealth Rock\n|-ability|p1a: Porygon2|Pressure|[from] ability: Trace|[of] p2a: Weavile\n|-ability|p1a: Porygon2|Pressure\n|move|p2a: Weavile|Knock Off|p1a: Porygon2\n|-damage|p1a: Porygon2|56\/100\n|-enditem|p1a: Porygon2|Eviolite|[from] move: Knock Off|[of] p2a: Weavile\n|\n|upkeep\n|turn|18\n|\n|t:|1666459542\n|move|p2a: Weavile|Swords Dance|p2a: Weavile\n|-boost|p2a: Weavile|atk|2\n|move|p1a: Porygon2|Trick Room|p1a: Porygon2\n|-fieldstart|move: Trick Room|[of] p1a: Porygon2\n|\n|upkeep\n|turn|19\n|\n|t:|1666459547\n|move|p2a: Weavile|Triple Axel|p1a: Porygon2\n|-damage|p1a: Porygon2|34\/100\n|-damage|p1a: Porygon2|0 fnt\n|faint|p1a: Porygon2\n|-hitcount|p1: Porygon2|2\n|\n|upkeep\n|\n|t:|1666459551\n|switch|p1a: Melmetal|Melmetal|46\/100\n|-damage|p1a: Melmetal|40\/100|[from] Stealth Rock\n|turn|20\n|\n|t:|1666459565\n|switch|p2a: Landorus|Landorus-Therian, M|21\/100\n|-ability|p2a: Landorus|Intimidate|boost\n|-unboost|p1a: Melmetal|atk|1\n|move|p1a: Melmetal|Double Iron Bash|p2a: Landorus\n|-damage|p2a: Landorus|0 fnt\n|faint|p2a: Landorus\n|-hitcount|p2: Landorus|1\n|-damage|p1a: Melmetal|30\/100|[from] item: Life Orb\n|\n|upkeep\n|\n|t:|1666459573\n|switch|p2a: Clefable|Clefable, F|84\/100\n|turn|21\n|\n|t:|1666459589\n|move|p1a: Melmetal|Double Iron Bash|p2a: Clefable\n|-supereffective|p2a: Clefable\n|-damage|p2a: Clefable|22\/100\n|-supereffective|p2a: Clefable\n|-damage|p2a: Clefable|0 fnt\n|faint|p2a: Clefable\n|-hitcount|p2: Clefable|2\n|-damage|p1a: Melmetal|20\/100|[from] item: Life Orb\n|\n|upkeep\n|\n|t:|1666459593\n|switch|p2a: Weavile|Weavile, M|100\/100\n|-ability|p2a: Weavile|Pressure\n|turn|22\n|\n|t:|1666459595\n|move|p2a: Weavile|Ice Shard|p1a: Melmetal\n|-resisted|p1a: Melmetal\n|-damage|p1a: Melmetal|14\/100\n|move|p1a: Melmetal|Superpower|p2a: Weavile\n|-supereffective|p2a: Weavile\n|-damage|p2a: Weavile|0 fnt\n|-unboost|p1a: Melmetal|atk|1\n|-unboost|p1a: Melmetal|def|1\n|faint|p2a: Weavile\n|-damage|p1a: Melmetal|4\/100|[from] item: Life Orb\n|\n|-fieldend|move: Trick Room\n|upkeep\n|\n|t:|1666459598\n|switch|p2a: Kartana|Kartana|84\/100\n|turn|23\n|\n|t:|1666459604\n|move|p2a: Kartana|Knock Off|p1a: Melmetal\n|-damage|p1a: Melmetal|0 fnt\n|-enditem|p1a: Melmetal|Life Orb|[from] move: Knock Off|[of] p2a: Kartana\n|faint|p1a: Melmetal\n|-ability|p2a: Kartana|Beast Boost|boost\n|-boost|p2a: Kartana|atk|1\n|\n|upkeep\n|\n|t:|1666459606\n|switch|p1a: Cresselia|Cresselia, F|38\/100\n|-damage|p1a: Cresselia|26\/100|[from] Stealth Rock\n|turn|24\n|\n|t:|1666459608\n|move|p2a: Kartana|Knock Off|p1a: Cresselia\n|-supereffective|p1a: Cresselia\n|-damage|p1a: Cresselia|0 fnt\n|-damage|p2a: Kartana|67\/100|[from] item: Rocky Helmet|[of] p1a: Cresselia\n|-enditem|p1a: Cresselia|Rocky Helmet|[from] move: Knock Off|[of] p2a: Kartana\n|faint|p1a: Cresselia\n|\n|win|gaenisalbino\n|raw|HarmonyHatterene37's rating: 1582 &rarr; <strong>1563<\/strong><br \/>(-19 for losing)\n|raw|gaenisalbino's rating: 1592 &rarr; <strong>1611<\/strong><br \/>(+19 for winning)\n|c|\u2606HarmonyHatterene37|gg\n|l|\u2606gaenisalbino\n","uploadtime":1666459644,"views":3,"p1id":"harmonyhatterene37","p2id":"gaenisalbino","formatid":"gen8ou","rating":1563,"private":0,"password":null}