{"id":"gen8ou-1704990351","p1":"btlt200$ devin","p2":"moekana510","format":"gen8ou","log":"|raw|<div class=\"broadcast-blue\"><strong>This battle is required to be public due to a player having a name starting with 'btlt200'.<\/div>\n|j|\u2606btlt200$ devin\n|j|\u2606moekana510\n|t:|1667839890\n|gametype|singles\n|player|p1|btlt200$ devin|proton|1540\n|player|p2|moekana510|101|1534\n|teamsize|p1|6\n|teamsize|p2|6\n|gen|8\n|tier|[Gen 8] OU\n|rated|\n|rule|Sleep Clause Mod: Limit one foe put to sleep\n|rule|Species Clause: Limit one of each Pok\u00e9mon\n|rule|OHKO Clause: OHKO moves are banned\n|rule|Evasion Items Clause: Evasion items are banned\n|rule|Evasion Moves Clause: Evasion moves are banned\n|rule|Endless Battle Clause: Forcing endless battles is banned\n|rule|HP Percentage Mod: HP is shown in percentages\n|rule|Dynamax Clause: You cannot dynamax\n|clearpoke\n|poke|p1|Dragapult, F|\n|poke|p1|Urshifu-*, M|\n|poke|p1|Zapdos|\n|poke|p1|Melmetal|\n|poke|p1|Landorus-Therian, M|\n|poke|p1|Rillaboom, F|\n|poke|p2|Venusaur, M|\n|poke|p2|Torkoal, F|\n|poke|p2|Charizard, F|\n|poke|p2|Mandibuzz, F|\n|poke|p2|Swampert, M|\n|poke|p2|Blaziken, F|\n|teampreview\n|j|+Coolcodename\n|inactive|Battle timer is ON: inactive players will automatically lose when time's up. (requested by btlt200$ devin)\n|inactive|moekana510 also wants the timer to be on.\n|\n|t:|1667839905\n|start\n|switch|p1a: Landorus|Landorus-Therian, M|100\/100\n|switch|p2a: Torkoal|Torkoal, F|100\/100\n|-ability|p1a: Landorus|Intimidate|boost\n|-unboost|p2a: Torkoal|atk|1\n|-weather|SunnyDay|[from] ability: Drought|[of] p2a: Torkoal\n|turn|1\n|\n|t:|1667839909\n|switch|p2a: Charizard|Charizard, F|100\/100\n|move|p1a: Landorus|Earthquake|p2a: Charizard\n|-immune|p2a: Charizard\n|\n|-weather|SunnyDay|[upkeep]\n|-damage|p2a: Charizard|88\/100|[from] ability: Solar Power|[of] p2a: Charizard\n|upkeep\n|turn|2\n|\n|t:|1667839913\n|switch|p1a: Dragapult|Dragapult, F, shiny|100\/100\n|move|p2a: Charizard|Weather Ball|p1a: Dragapult\n|-resisted|p1a: Dragapult\n|-damage|p1a: Dragapult|0 fnt\n|faint|p1a: Dragapult\n|\n|-weather|SunnyDay|[upkeep]\n|-damage|p2a: Charizard|76\/100|[from] ability: Solar Power|[of] p2a: Charizard\n|upkeep\n|\n|t:|1667839925\n|switch|p1a: Urshifu|Urshifu-Rapid-Strike, M|100\/100\n|turn|3\n|\n|t:|1667839927\n|move|p2a: Charizard|Weather Ball|p1a: Urshifu\n|-resisted|p1a: Urshifu\n|-damage|p1a: Urshifu|0 fnt\n|faint|p1a: Urshifu\n|\n|-weather|SunnyDay|[upkeep]\n|-damage|p2a: Charizard|63\/100|[from] ability: Solar Power|[of] p2a: Charizard\n|upkeep\n|\n|t:|1667839930\n|switch|p1a: Zapdos|Zapdos, shiny|100\/100\n|turn|4\n|\n|t:|1667839932\n|move|p2a: Charizard|Weather Ball|p1a: Zapdos\n|-damage|p1a: Zapdos|0 fnt\n|faint|p1a: Zapdos\n|\n|-weather|SunnyDay|[upkeep]\n|-damage|p2a: Charizard|51\/100|[from] ability: Solar Power|[of] p2a: Charizard\n|upkeep\n|c|\u2606btlt200$ devin|LOL\n|\n|t:|1667839938\n|switch|p1a: Melmetal|Melmetal|100\/100\n|turn|5\n|\n|t:|1667839941\n|move|p2a: Charizard|Weather Ball|p1a: Melmetal\n|-supereffective|p1a: Melmetal\n|-damage|p1a: Melmetal|0 fnt\n|faint|p1a: Melmetal\n|\n|-weather|SunnyDay|[upkeep]\n|-damage|p2a: Charizard|38\/100|[from] ability: Solar Power|[of] p2a: Charizard\n|upkeep\n|\n|t:|1667839945\n|switch|p1a: Landorus|Landorus-Therian, M|100\/100\n|-ability|p1a: Landorus|Intimidate|boost\n|-unboost|p2a: Charizard|atk|1\n|turn|6\n|\n|t:|1667839947\n|move|p2a: Charizard|Weather Ball|p1a: Landorus\n|-damage|p1a: Landorus|0 fnt\n|faint|p1a: Landorus\n|\n|-weather|SunnyDay|[upkeep]\n|-damage|p2a: Charizard|26\/100|[from] ability: Solar Power|[of] p2a: Charizard\n|upkeep\n|\n|t:|1667839948\n|switch|p1a: Rillaboom|Rillaboom, F|100\/100\n|-fieldstart|move: Grassy Terrain|[from] ability: Grassy Surge|[of] p1a: Rillaboom\n|turn|7\n|\n|t:|1667839950\n|move|p1a: Rillaboom|Grassy Glide|p2a: Charizard\n|-resisted|p2a: Charizard\n|-damage|p2a: Charizard|4\/100\n|-damage|p1a: Rillaboom|91\/100|[from] item: Life Orb\n|move|p2a: Charizard|Weather Ball|p1a: Rillaboom\n|-supereffective|p1a: Rillaboom\n|-damage|p1a: Rillaboom|0 fnt\n|faint|p1a: Rillaboom\n|\n|win|moekana510\n|raw|btlt200$ devin's rating: 1540 &rarr; <strong>1520<\/strong><br \/>(-20 for losing)\n|raw|moekana510's rating: 1534 &rarr; <strong>1554<\/strong><br \/>(+20 for winning)\n|l|\u2606btlt200$ devin\n||Ladder isn't responding, score probably updated but might not have (Request timeout).\n","uploadtime":1667839974,"views":10,"p1id":"btlt200devin","p2id":"moekana510","formatid":"gen8ou","rating":1520,"private":0,"password":null}