{"id":"gen8ou-1499480335","p1":"Whitedevil12345678","p2":"Makuryu","format":"gen8ou","log":"|j|\u2606Whitedevil12345678\n|j|\u2606Makuryu\n|t:|1643293983\n|gametype|singles\n|player|p1|Whitedevil12345678|blue|1740\n|player|p2|Makuryu|koga|1746\n|teamsize|p1|6\n|teamsize|p2|6\n|gen|8\n|tier|[Gen 8] OU\n|rated|\n|rule|Sleep Clause Mod: Limit one foe put to sleep\n|rule|Species Clause: Limit one of each Pok\u00e9mon\n|rule|OHKO Clause: OHKO moves are banned\n|rule|Evasion Moves Clause: Evasion moves are banned\n|rule|Endless Battle Clause: Forcing endless battles is banned\n|rule|HP Percentage Mod: HP is shown in percentages\n|rule|Dynamax Clause: You cannot dynamax\n|clearpoke\n|poke|p1|Stakataka|\n|poke|p1|Mew|\n|poke|p1|Garchomp, F|\n|poke|p1|Blacephalon|\n|poke|p1|Tapu Fini|\n|poke|p1|Melmetal|\n|poke|p2|Bisharp, F|\n|poke|p2|Zapdos-Galar|\n|poke|p2|Mew|\n|poke|p2|Rillaboom, F|\n|poke|p2|Garchomp, M|\n|poke|p2|Dragapult, M|\n|teampreview\n|inactive|Battle timer is ON: inactive players will automatically lose when time's up. (requested by Whitedevil12345678)\n|\n|t:|1643294000\n|start\n|switch|p1a: Tapu Fini|Tapu Fini, shiny|100\/100\n|switch|p2a: Mew|Mew|100\/100\n|-fieldstart|move: Misty Terrain|[from] ability: Misty Surge|[of] p1a: Tapu Fini\n|turn|1\n|\n|t:|1643294012\n|switch|p1a: Blacephalon|Blacephalon, shiny|100\/100\n|move|p2a: Mew|Stealth Rock|p1a: Blacephalon\n|-sidestart|p1: Whitedevil12345678|move: Stealth Rock\n|\n|upkeep\n|turn|2\n|\n|t:|1643294020\n|move|p1a: Blacephalon|Substitute|p1a: Blacephalon\n|-start|p1a: Blacephalon|Substitute\n|-damage|p1a: Blacephalon|76\/100\n|move|p2a: Mew|Spikes|p1a: Blacephalon\n|-sidestart|p1: Whitedevil12345678|Spikes\n|\n|upkeep\n|turn|3\n|\n|t:|1643294026\n|move|p1a: Blacephalon|Calm Mind|p1a: Blacephalon\n|-boost|p1a: Blacephalon|spa|1\n|-boost|p1a: Blacephalon|spd|1\n|move|p2a: Mew|Spikes|p1a: Blacephalon\n|-sidestart|p1: Whitedevil12345678|Spikes\n|\n|upkeep\n|turn|4\n|\n|t:|1643294032\n|move|p1a: Blacephalon|Shadow Ball|p2a: Mew\n|-supereffective|p2a: Mew\n|-enditem|p2a: Mew|Focus Sash\n|-damage|p2a: Mew|1\/100\n|move|p2a: Mew|Spikes|p1a: Blacephalon\n|-sidestart|p1: Whitedevil12345678|Spikes\n|\n|upkeep\n|turn|5\n|\n|t:|1643294042\n|move|p1a: Blacephalon|Calm Mind|p1a: Blacephalon\n|-boost|p1a: Blacephalon|spa|1\n|-boost|p1a: Blacephalon|spd|1\n|move|p2a: Mew|Taunt|p1a: Blacephalon\n|-start|p1a: Blacephalon|move: Taunt\n|\n|-fieldend|Misty Terrain\n|upkeep\n|turn|6\n|\n|t:|1643294049\n|move|p1a: Blacephalon|Shadow Ball|p2a: Mew\n|-supereffective|p2a: Mew\n|-damage|p2a: Mew|0 fnt\n|faint|p2a: Mew\n|-ability|p1a: Blacephalon|Beast Boost|boost\n|-boost|p1a: Blacephalon|spe|1\n|\n|upkeep\n|j| Marquesa-10%\n|\n|t:|1643294075\n|switch|p2a: Rillaboom|Rillaboom, F|100\/100\n|-fieldstart|move: Grassy Terrain|[from] ability: Grassy Surge|[of] p2a: Rillaboom\n|turn|7\n|\n|t:|1643294079\n|move|p2a: Rillaboom|Grassy Glide|p1a: Blacephalon\n|-resisted|p1a: Blacephalon\n|-end|p1a: Blacephalon|Substitute\n|-damage|p2a: Rillaboom|91\/100|[from] item: Life Orb\n|move|p1a: Blacephalon|Flamethrower|p2a: Rillaboom\n|-supereffective|p2a: Rillaboom\n|-damage|p2a: Rillaboom|0 fnt\n|faint|p2a: Rillaboom\n|-ability|p1a: Blacephalon|Beast Boost|boost\n|-boost|p1a: Blacephalon|spe|1\n|\n|-heal|p1a: Blacephalon|82\/100|[from] Grassy Terrain\n|upkeep\n|\n|t:|1643294098\n|switch|p2a: Bisharp|Bisharp, F|100\/100\n|turn|8\n|\n|t:|1643294105\n|switch|p1a: Tapu Fini|Tapu Fini, shiny|100\/100\n|-damage|p1a: Tapu Fini|76\/100|[from] Spikes\n|-damage|p1a: Tapu Fini|63\/100|[from] Stealth Rock\n|-fieldstart|move: Misty Terrain|[from] ability: Misty Surge|[of] p1a: Tapu Fini\n|move|p2a: Bisharp|Knock Off|p1a: Tapu Fini\n|-resisted|p1a: Tapu Fini\n|-damage|p1a: Tapu Fini|30\/100\n|-enditem|p1a: Tapu Fini|Choice Scarf|[from] move: Knock Off|[of] p2a: Bisharp\n|\n|upkeep\n|turn|9\n|\n|t:|1643294123\n|move|p1a: Tapu Fini|Defog|p2a: Bisharp\n|-unboost|p2a: Bisharp|evasion|1\n|-ability|p2a: Bisharp|Defiant\n|-boost|p2a: Bisharp|atk|2\n|-sideend|p1: Whitedevil12345678|Spikes|[from] move: Defog|[of] p1a: Tapu Fini\n|-sideend|p1: Whitedevil12345678|Stealth Rock|[from] move: Defog|[of] p1a: Tapu Fini\n|-fieldend|Misty Terrain\n|move|p2a: Bisharp|Swords Dance|p2a: Bisharp\n|-boost|p2a: Bisharp|atk|2\n|\n|upkeep\n|turn|10\n|\n|t:|1643294132\n|move|p2a: Bisharp|Sucker Punch||[still]\n|-fail|p2a: Bisharp\n|move|p1a: Tapu Fini|Trick|p2a: Bisharp\n|-activate|p1a: Tapu Fini|move: Trick|[of] p2a: Bisharp\n|-enditem|p2a: Bisharp|Black Glasses|[silent]|[from] move: Trick\n|-item|p1a: Tapu Fini|Black Glasses|[from] move: Trick\n|\n|upkeep\n|turn|11\n|j| 654654m\n|\n|t:|1643294152\n|move|p2a: Bisharp|Sucker Punch|p1a: Tapu Fini\n|-resisted|p1a: Tapu Fini\n|-damage|p1a: Tapu Fini|0 fnt\n|faint|p1a: Tapu Fini\n|\n|upkeep\n|\n|t:|1643294158\n|switch|p1a: Blacephalon|Blacephalon, shiny|82\/100\n|turn|12\n|j| Babyshark974\n|\n|t:|1643294169\n|switch|p2a: Dragapult|Dragapult, M|100\/100\n|move|p1a: Blacephalon|Substitute|p1a: Blacephalon\n|-start|p1a: Blacephalon|Substitute\n|-damage|p1a: Blacephalon|57\/100\n|\n|upkeep\n|turn|13\n|\n|t:|1643294176\n|switch|p1a: Garchomp|Garchomp, F, shiny|100\/100\n|move|p2a: Dragapult|Shadow Ball|p1a: Garchomp\n|-damage|p1a: Garchomp|66\/100\n|-damage|p2a: Dragapult|91\/100|[from] item: Life Orb\n|\n|-heal|p1a: Garchomp|72\/100|[from] item: Leftovers\n|upkeep\n|turn|14\n|\n|t:|1643294184\n|switch|p1a: Melmetal|Melmetal|100\/100\n|move|p2a: Dragapult|Dragon Darts|p1a: Melmetal\n|-resisted|p1a: Melmetal\n|-damage|p1a: Melmetal|93\/100\n|-anim|p2a: Dragapult|Dragon Darts|p1a: Melmetal\n|-resisted|p1a: Melmetal\n|-damage|p1a: Melmetal|87\/100\n|-damage|p2a: Dragapult|81\/100|[from] item: Life Orb\n|\n|upkeep\n|turn|15\n|\n|t:|1643294200\n|move|p2a: Dragapult|Flamethrower|p1a: Melmetal\n|-supereffective|p1a: Melmetal\n|-damage|p1a: Melmetal|43\/100\n|-damage|p2a: Dragapult|71\/100|[from] item: Life Orb\n|move|p1a: Melmetal|Double Iron Bash|p2a: Dragapult\n|-damage|p2a: Dragapult|3\/100\n|-damage|p2a: Dragapult|0 fnt\n|faint|p2a: Dragapult\n|-hitcount|p2: Dragapult|2\n|\n|upkeep\n|\n|t:|1643294212\n|switch|p2a: Garchomp|Garchomp, M|100\/100\n|turn|16\n|\n|t:|1643294223\n|move|p2a: Garchomp|Earthquake|p1a: Melmetal\n|-supereffective|p1a: Melmetal\n|-damage|p1a: Melmetal|0 fnt\n|faint|p1a: Melmetal\n|\n|upkeep\n|\n|t:|1643294239\n|switch|p1a: Stakataka|Stakataka|100\/100\n|-item|p1a: Stakataka|Air Balloon\n|turn|17\n|\n|t:|1643294247\n|move|p2a: Garchomp|Fire Fang|p1a: Stakataka\n|-damage|p1a: Stakataka|85\/100\n|-enditem|p1a: Stakataka|Air Balloon\n|move|p1a: Stakataka|Trick Room|p1a: Stakataka\n|-fieldstart|move: Trick Room|[of] p1a: Stakataka\n|\n|upkeep\n|turn|18\n|\n|t:|1643294256\n|move|p1a: Stakataka|Gyro Ball|p2a: Garchomp\n|-damage|p2a: Garchomp|9\/100\n|-damage|p1a: Stakataka|73\/100|[from] ability: Rough Skin|[of] p2a: Garchomp\n|move|p2a: Garchomp|Earthquake|p1a: Stakataka\n|-supereffective|p1a: Stakataka\n|-damage|p1a: Stakataka|0 fnt\n|faint|p1a: Stakataka\n|\n|-heal|p2a: Garchomp|15\/100|[from] item: Leftovers\n|upkeep\n|\n|t:|1643294264\n|switch|p1a: Garchomp|Garchomp, F, shiny|72\/100\n|turn|19\n|\n|t:|1643294268\n|move|p1a: Garchomp|Earthquake|p2a: Garchomp\n|-damage|p2a: Garchomp|0 fnt\n|faint|p2a: Garchomp\n|\n|-heal|p1a: Garchomp|79\/100|[from] item: Leftovers\n|upkeep\n|\n|t:|1643294283\n|switch|p2a: Zapdos|Zapdos-Galar|100\/100\n|turn|20\n|\n|t:|1643294286\n|move|p1a: Garchomp|Toxic|p2a: Zapdos\n|-status|p2a: Zapdos|tox\n|move|p2a: Zapdos|Brave Bird|p1a: Garchomp\n|-damage|p1a: Garchomp|12\/100\n|-damage|p2a: Zapdos|88\/100 tox|[from] ability: Rough Skin|[of] p1a: Garchomp\n|-damage|p2a: Zapdos|59\/100 tox|[from] Recoil\n|\n|-heal|p1a: Garchomp|18\/100|[from] item: Leftovers\n|-damage|p2a: Zapdos|53\/100 tox|[from] psn\n|upkeep\n|turn|21\n|j| Ninscare\n|\n|t:|1643294296\n|move|p1a: Garchomp|Protect|p1a: Garchomp\n|-singleturn|p1a: Garchomp|Protect\n|move|p2a: Zapdos|Brave Bird|p1a: Garchomp\n|-activate|p1a: Garchomp|move: Protect\n|\n|-heal|p1a: Garchomp|24\/100|[from] item: Leftovers\n|-damage|p2a: Zapdos|41\/100 tox|[from] psn\n|-fieldend|move: Trick Room\n|upkeep\n|turn|22\n|l| Babyshark974\n|\n|t:|1643294308\n|move|p1a: Garchomp|Protect||[still]\n|-fail|p1a: Garchomp\n|move|p2a: Zapdos|Brave Bird|p1a: Garchomp\n|-damage|p1a: Garchomp|0 fnt\n|-damage|p2a: Zapdos|28\/100 tox|[from] ability: Rough Skin|[of] p1a: Garchomp\n|faint|p1a: Garchomp\n|-damage|p2a: Zapdos|18\/100 tox|[from] Recoil\n|\n|-damage|p2a: Zapdos|0 fnt|[from] psn\n|faint|p2a: Zapdos\n|upkeep\n|\n|t:|1643294318\n|switch|p2a: Bisharp|Bisharp, F|100\/100\n|switch|p1a: Blacephalon|Blacephalon, shiny|57\/100\n|turn|23\n|\n|t:|1643294329\n|move|p1a: Blacephalon|Substitute|p1a: Blacephalon\n|-start|p1a: Blacephalon|Substitute\n|-damage|p1a: Blacephalon|32\/100\n|move|p2a: Bisharp|Knock Off|p1a: Blacephalon\n|-supereffective|p1a: Blacephalon\n|-end|p1a: Blacephalon|Substitute\n|\n|upkeep\n|turn|24\n|c|\u2606Makuryu|50\/50\n|inactive|Makuryu has 120 seconds left.\n|\n|t:|1643294366\n|move|p2a: Bisharp|Sucker Punch||[still]\n|-fail|p2a: Bisharp\n|move|p1a: Blacephalon|Substitute|p1a: Blacephalon\n|-start|p1a: Blacephalon|Substitute\n|-damage|p1a: Blacephalon|8\/100\n|\n|upkeep\n|turn|25\n|inactive|Makuryu has 120 seconds left.\n|j| Arnaud senju vgc\n|\n|t:|1643294373\n|move|p2a: Bisharp|Sucker Punch|p1a: Blacephalon\n|-supereffective|p1a: Blacephalon\n|-end|p1a: Blacephalon|Substitute\n|move|p1a: Blacephalon|Flamethrower|p2a: Bisharp\n|-supereffective|p2a: Bisharp\n|-crit|p2a: Bisharp\n|-damage|p2a: Bisharp|0 fnt\n|faint|p2a: Bisharp\n|\n|win|Whitedevil12345678\n|raw|Whitedevil12345678's rating: 1740 &rarr; <strong>1760<\/strong><br \/>(+20 for winning)\n|raw|Makuryu's rating: 1746 &rarr; <strong>1726<\/strong><br \/>(-20 for losing)\n|l|\u2606Makuryu\n|l| 654654m\n|l| Marquesa-10%\n","uploadtime":1643294386,"views":38,"p1id":"whitedevil12345678","p2id":"makuryu","formatid":"gen8ou","rating":1726,"private":0,"password":null}