{"id":"smogtours-gen8ou-507109","p1":"John W","p2":"GeniusX","format":"gen8ou","log":"|inactive|Battle timer is ON: inactive players will automatically lose when time's up.\n|player|p1|John W|sabrina-gen3|\n|player|p2|GeniusX|evelyn|\n|teamsize|p1|6\n|teamsize|p2|6\n|gametype|singles\n|gen|8\n|tier|[Gen 8] OU\n|clearpoke\n|poke|p1|Mandibuzz, F|\n|poke|p1|Clefable, M|\n|poke|p1|Dragapult, M|\n|poke|p1|Quagsire, F|\n|poke|p1|Toxapex, F|\n|poke|p1|Chansey, F|\n|poke|p2|Urshifu, F|\n|poke|p2|Hatterene, F|\n|poke|p2|Slowbro, F|\n|poke|p2|Dragapult, M|\n|poke|p2|Chansey, F|\n|poke|p2|Magearna|\n|rule|Sleep Clause Mod: Limit one foe put to sleep\n|rule|Species Clause: Limit one of each Pok\u00e9mon\n|rule|OHKO Clause: OHKO moves are banned\n|rule|Evasion Moves Clause: Evasion moves are banned\n|rule|Endless Battle Clause: Forcing endless battles is banned\n|rule|HP Percentage Mod: HP is shown in percentages\n|rule|Dynamax Clause: You cannot dynamax\n|teampreview\n|c|\u2606John W|have fun xing \n|c|\u2606GeniusX|hf\n|c|+K!ngSky|LOL\n|c|+K!ngSky|hat\n|c|+capperrr|lmao\n|inactive|John W has 270 seconds left.\n|inactive|GeniusX has 270 seconds left.\n|\n|start\n|switch|p1a: Toxapex|Toxapex, F|100\/100\n|switch|p2a: Hatterene|Hatterene, F|100\/100\n|turn|1\n|\n|switch|p1a: Chansey|Chansey, F|100\/100\n|move|p2a: Hatterene|Calm Mind|p2a: Hatterene\n|-boost|p2a: Hatterene|spa|1\n|-boost|p2a: Hatterene|spd|1\n|\n|upkeep\n|turn|2\n|\n|move|p1a: Chansey|Seismic Toss|p2a: Hatterene\n|-damage|p2a: Hatterene|69\/100\n|move|p2a: Hatterene|Calm Mind|p2a: Hatterene\n|-boost|p2a: Hatterene|spa|1\n|-boost|p2a: Hatterene|spd|1\n|\n|-heal|p2a: Hatterene|75\/100|[from] item: Leftovers\n|upkeep\n|turn|3\n|\n|move|p1a: Chansey|Seismic Toss|p2a: Hatterene\n|-damage|p2a: Hatterene|44\/100\n|move|p2a: Hatterene|Draining Kiss|p1a: Chansey\n|-damage|p1a: Chansey|86\/100\n|-heal|p2a: Hatterene|67\/100|[from] drain|[of] p1a: Chansey\n|\n|-heal|p2a: Hatterene|73\/100|[from] item: Leftovers\n|upkeep\n|turn|4\n|c|+K!ngSky|gg\n|\n|move|p1a: Chansey|Seismic Toss|p2a: Hatterene\n|-damage|p2a: Hatterene|42\/100\n|move|p2a: Hatterene|Draining Kiss|p1a: Chansey\n|-damage|p1a: Chansey|71\/100\n|-heal|p2a: Hatterene|67\/100|[from] drain|[of] p1a: Chansey\n|\n|-heal|p2a: Hatterene|73\/100|[from] item: Leftovers\n|upkeep\n|turn|5\n|\n|move|p1a: Chansey|Seismic Toss|p2a: Hatterene\n|-damage|p2a: Hatterene|41\/100\n|move|p2a: Hatterene|Draining Kiss|p1a: Chansey\n|-damage|p1a: Chansey|57\/100\n|-heal|p2a: Hatterene|65\/100|[from] drain|[of] p1a: Chansey\n|\n|-heal|p2a: Hatterene|71\/100|[from] item: Leftovers\n|upkeep\n|turn|6\n|\n|move|p1a: Chansey|Seismic Toss|p2a: Hatterene\n|-damage|p2a: Hatterene|40\/100\n|move|p2a: Hatterene|Draining Kiss|p1a: Chansey\n|-damage|p1a: Chansey|43\/100\n|-heal|p2a: Hatterene|62\/100|[from] drain|[of] p1a: Chansey\n|\n|-heal|p2a: Hatterene|68\/100|[from] item: Leftovers\n|upkeep\n|turn|7\n|\n|move|p1a: Chansey|Soft-Boiled|p1a: Chansey\n|-heal|p1a: Chansey|93\/100\n|move|p2a: Hatterene|Calm Mind|p2a: Hatterene\n|-boost|p2a: Hatterene|spa|1\n|-boost|p2a: Hatterene|spd|1\n|\n|-heal|p2a: Hatterene|74\/100|[from] item: Leftovers\n|upkeep\n|turn|8\n|\n|move|p1a: Chansey|Seismic Toss|p2a: Hatterene\n|-damage|p2a: Hatterene|43\/100\n|move|p2a: Hatterene|Draining Kiss|p1a: Chansey\n|-damage|p1a: Chansey|78\/100\n|-heal|p2a: Hatterene|69\/100|[from] drain|[of] p1a: Chansey\n|\n|-heal|p2a: Hatterene|75\/100|[from] item: Leftovers\n|upkeep\n|turn|9\n|inactive|GeniusX has 270 seconds left.\n|inactive|John W has 270 seconds left.\n|\n|move|p1a: Chansey|Seismic Toss|p2a: Hatterene\n|-damage|p2a: Hatterene|43\/100\n|move|p2a: Hatterene|Draining Kiss|p1a: Chansey\n|-damage|p1a: Chansey|61\/100\n|-heal|p2a: Hatterene|71\/100|[from] drain|[of] p1a: Chansey\n|\n|-heal|p2a: Hatterene|77\/100|[from] item: Leftovers\n|upkeep\n|turn|10\n|\n|move|p1a: Chansey|Seismic Toss|p2a: Hatterene\n|-damage|p2a: Hatterene|46\/100\n|move|p2a: Hatterene|Psyshock|p1a: Chansey\n|-damage|p1a: Chansey|4\/100\n|\n|-heal|p2a: Hatterene|52\/100|[from] item: Leftovers\n|upkeep\n|turn|11\n|inactive|John W has 270 seconds left.\n|\n|switch|p1a: Quagsire|Quagsire, F|100\/100\n|move|p2a: Hatterene|Draining Kiss|p1a: Quagsire\n|-damage|p1a: Quagsire|75\/100\n|-heal|p2a: Hatterene|75\/100|[from] drain|[of] p1a: Quagsire\n|\n|-heal|p2a: Hatterene|81\/100|[from] item: Leftovers\n|-heal|p1a: Quagsire|81\/100|[from] item: Leftovers\n|upkeep\n|turn|12\n|\n|move|p2a: Hatterene|Giga Drain|p1a: Quagsire\n|-supereffective|p1a: Quagsire\n|-damage|p1a: Quagsire|0 fnt\n|-heal|p2a: Hatterene|100\/100|[from] drain|[of] p1a: Quagsire\n|faint|p1a: Quagsire\n|\n|upkeep\n|c|+K!ngSky|why\n|c|\u2606John W|you really\n|c|+K!ngSky|why\n|c|\u2606John W|cteamed\n|c|\u2606John W|me\n|c|+K!ngSky|LOL\n|c|+K!ngSky|I told tyou\n|c|\u2606John W|i hate you\n|\n|switch|p1a: Toxapex|Toxapex, F|100\/100\n|turn|13\n|c|\u2606GeniusX|LOLL\n|c|+CasperXVI|dis was the hardest cteam\n|\n|move|p2a: Hatterene|Psyshock|p1a: Toxapex\n|-supereffective|p1a: Toxapex\n|-damage|p1a: Toxapex|0 fnt\n|faint|p1a: Toxapex\n|\n|upkeep\n|c|+K!ngSky|xing you have to thank me\n|c|+Rinnegan frs|goat xing\n|c|+CasperXVI|relt\n|c|+starry|what kinda bot set is this\n|-message|John W forfeited.\n|\n|win|GeniusX\n|c|+capperrr|LOL\n|c|\u2606GeniusX|LOOL\n|c|+CasperXVI|LMAOO\n|c|+capperrr|BRUH\n|c|+CasperXVI|noo johnny noooo\n","uploadtime":1592676521,"views":257,"p1id":"johnw","p2id":"geniusx","formatid":"gen8ou","rating":0,"private":0,"password":null}