{"id":"smogtours-gen8ubers-642341","p1":"Skysolo \u2764","p2":"Exiline","format":"gen8ubers","log":"|inactive|Battle timer is ON: inactive players will automatically lose when time's up.\n|t:|1659895121\n|gametype|singles\n|player|p1|Skysolo \u2764|#pspl2019ubers|\n|player|p2|Exiline|juggler|\n|teamsize|p1|6\n|teamsize|p2|6\n|gen|8\n|tier|[Gen 8] Ubers\n|rule|Sleep Clause Mod: Limit one foe put to sleep\n|rule|Species Clause: Limit one of each Pok\u00e9mon\n|rule|OHKO Clause: OHKO moves are banned\n|rule|Evasion Moves Clause: Evasion moves are banned\n|rule|Endless Battle Clause: Forcing endless battles is banned\n|rule|HP Percentage Mod: HP is shown in percentages\n|rule|Dynamax Clause: You cannot dynamax\n|clearpoke\n|poke|p1|Groudon|\n|poke|p1|Eternatus|\n|poke|p1|Clefable, F|\n|poke|p1|Calyrex-Shadow|\n|poke|p1|Necrozma-Dusk-Mane|\n|poke|p1|Yveltal|\n|poke|p2|Darmanitan-Galar, M|\n|poke|p2|Groudon|\n|poke|p2|Yveltal|\n|poke|p2|Ferrothorn, M|\n|poke|p2|Xerneas-*|\n|poke|p2|Ho-Oh|\n|teampreview\n|c|\u2606Skysolo \u2764|hf\n|inactive|Skysolo \u2764 has 270 seconds left.\n|c|\u2606Exiline|inch\n|\n|t:|1659895168\n|start\n|switch|p1a: Clefable|Clefable, F|100\/100\n|switch|p2a: Xerneas|Xerneas|100\/100\n|-ability|p2a: Xerneas|Fairy Aura\n|turn|1\n|\n|t:|1659895186\n|move|p2a: Xerneas|Moonblast|p1a: Clefable\n|-damage|p1a: Clefable|40\/100\n|-unboost|p1a: Clefable|spa|1\n|-enditem|p1a: Clefable|Sitrus Berry|[eat]\n|-heal|p1a: Clefable|65\/100|[from] item: Sitrus Berry\n|move|p1a: Clefable|Stealth Rock|p2a: Xerneas\n|-sidestart|p2: Exiline|move: Stealth Rock\n|\n|upkeep\n|turn|2\n|\n|t:|1659895203\n|switch|p2a: Ho-Oh|Ho-Oh|100\/100\n|switch|p1a: Groudon|Groudon|100\/100\n|-weather|SunnyDay|[from] ability: Drought|[of] p1a: Groudon\n|\n|-weather|SunnyDay|[upkeep]\n|upkeep\n|turn|3\n|\n|t:|1659895213\n|switch|p2a: Yveltal|Yveltal|100\/100\n|-ability|p2a: Yveltal|Dark Aura\n|move|p1a: Groudon|Rock Tomb|p2a: Yveltal\n|-supereffective|p2a: Yveltal\n|-damage|p2a: Yveltal|65\/100\n|-unboost|p2a: Yveltal|spe|1\n|\n|-weather|SunnyDay|[upkeep]\n|upkeep\n|turn|4\n|\n|t:|1659895220\n|move|p1a: Groudon|Heat Crash|p2a: Yveltal\n|-damage|p2a: Yveltal|23\/100\n|move|p2a: Yveltal|Roost|p2a: Yveltal\n|-heal|p2a: Yveltal|73\/100\n|-singleturn|p2a: Yveltal|move: Roost\n|\n|-weather|SunnyDay|[upkeep]\n|upkeep\n|turn|5\n|\n|t:|1659895228\n|move|p1a: Groudon|Heat Crash|p2a: Yveltal\n|-damage|p2a: Yveltal|28\/100\n|move|p2a: Yveltal|Roost|p2a: Yveltal\n|-heal|p2a: Yveltal|78\/100\n|-singleturn|p2a: Yveltal|move: Roost\n|\n|-weather|SunnyDay|[upkeep]\n|upkeep\n|turn|6\n|\n|t:|1659895237\n|move|p1a: Groudon|Swords Dance|p1a: Groudon\n|-boost|p1a: Groudon|atk|2\n|move|p2a: Yveltal|Foul Play|p1a: Groudon\n|-damage|p1a: Groudon|3\/100\n|\n|-weather|none\n|-heal|p1a: Groudon|9\/100|[from] item: Leftovers\n|upkeep\n|turn|7\n|\n|t:|1659895258\n|switch|p2a: Groudon|Groudon|100\/100\n|-damage|p2a: Groudon|94\/100|[from] Stealth Rock\n|-weather|SunnyDay|[from] ability: Drought|[of] p2a: Groudon\n|move|p1a: Groudon|Rock Tomb|p2a: Groudon\n|-resisted|p2a: Groudon\n|-damage|p2a: Groudon|79\/100\n|-unboost|p2a: Groudon|spe|1\n|\n|-weather|SunnyDay|[upkeep]\n|-heal|p1a: Groudon|16\/100|[from] item: Leftovers\n|-heal|p2a: Groudon|85\/100|[from] item: Leftovers\n|upkeep\n|turn|8\n|\n|t:|1659895266\n|move|p1a: Groudon|Earthquake|p2a: Groudon\n|-damage|p2a: Groudon|6\/100\n|move|p2a: Groudon|Precipice Blades|p1a: Groudon\n|-damage|p1a: Groudon|0 fnt\n|faint|p1a: Groudon\n|\n|-weather|SunnyDay|[upkeep]\n|-heal|p2a: Groudon|12\/100|[from] item: Leftovers\n|upkeep\n|\n|t:|1659895278\n|switch|p1a: Calyrex|Calyrex-Shadow|100\/100\n|-ability|p1a: Calyrex|As One\n|-ability|p1a: Calyrex|Unnerve\n|turn|9\n|\n|t:|1659895285\n|move|p1a: Calyrex|Astral Barrage|p2a: Groudon\n|-damage|p2a: Groudon|0 fnt\n|faint|p2a: Groudon\n|-ability|p1a: Calyrex|Grim Neigh|boost\n|-boost|p1a: Calyrex|spa|1\n|\n|-weather|SunnyDay|[upkeep]\n|upkeep\n|\n|t:|1659895289\n|switch|p2a: Yveltal|Yveltal|78\/100\n|-ability|p2a: Yveltal|Dark Aura\n|turn|10\n|\n|t:|1659895316\n|switch|p1a: Clefable|Clefable, F|65\/100\n|move|p2a: Yveltal|Defog|p1a: Clefable\n|-unboost|p1a: Clefable|evasion|1\n|-sideend|p2: Exiline|Stealth Rock|[from] move: Defog|[of] p2a: Yveltal\n|\n|-weather|SunnyDay|[upkeep]\n|upkeep\n|turn|11\n|\n|t:|1659895323\n|move|p2a: Yveltal|U-turn|p1a: Clefable\n|-resisted|p1a: Clefable\n|-damage|p1a: Clefable|57\/100\n|\n|t:|1659895326\n|switch|p2a: Ho-Oh|Ho-Oh|100\/100|[from]move: U-turn\n|move|p1a: Clefable|Thunder Wave|p2a: Ho-Oh\n|-status|p2a: Ho-Oh|par\n|\n|-weather|none\n|upkeep\n|turn|12\n|\n|t:|1659895334\n|move|p1a: Clefable|Soft-Boiled|p1a: Clefable\n|-heal|p1a: Clefable|100\/100\n|cant|p2a: Ho-Oh|par\n|\n|upkeep\n|turn|13\n|\n|t:|1659895342\n|move|p1a: Clefable|Stealth Rock|p2a: Ho-Oh\n|-sidestart|p2: Exiline|move: Stealth Rock\n|move|p2a: Ho-Oh|Thunder Wave|p1a: Clefable\n|-status|p1a: Clefable|par\n|\n|upkeep\n|turn|14\n|\n|t:|1659895354\n|switch|p1a: Eternatus|Eternatus|100\/100\n|-ability|p1a: Eternatus|Pressure\n|move|p2a: Ho-Oh|Thunder Wave|p1a: Eternatus\n|-status|p1a: Eternatus|par\n|\n|upkeep\n|turn|15\n|\n|t:|1659895362\n|switch|p2a: Yveltal|Yveltal|78\/100\n|-ability|p2a: Yveltal|Dark Aura\n|move|p1a: Eternatus|Dynamax Cannon|p2a: Yveltal\n|-damage|p2a: Yveltal|41\/100\n|\n|upkeep\n|turn|16\n|\n|t:|1659895369\n|move|p2a: Yveltal|Roost|p2a: Yveltal\n|-heal|p2a: Yveltal|91\/100\n|-singleturn|p2a: Yveltal|move: Roost\n|move|p1a: Eternatus|Toxic|p2a: Yveltal\n|-status|p2a: Yveltal|tox\n|\n|-damage|p2a: Yveltal|85\/100 tox|[from] psn\n|upkeep\n|turn|17\n|\n|t:|1659895380\n|move|p2a: Yveltal|U-turn|p1a: Eternatus\n|-resisted|p1a: Eternatus\n|-damage|p1a: Eternatus|93\/100 par\n|\n|t:|1659895384\n|switch|p2a: Xerneas|Xerneas|100\/100|[from]move: U-turn\n|-damage|p2a: Xerneas|88\/100|[from] Stealth Rock\n|-ability|p2a: Xerneas|Fairy Aura\n|cant|p1a: Eternatus|par\n|\n|upkeep\n|turn|18\n|\n|t:|1659895388\n|switch|p1a: Necrozma|Necrozma-Dusk-Mane|100\/100\n|move|p2a: Xerneas|Aromatherapy|p2a: Xerneas\n|-activate|p2a: Xerneas|move: Aromatherapy\n|-curestatus|p2: Ho-Oh|par|[msg]\n|-curestatus|p2: Yveltal|tox|[msg]\n|\n|upkeep\n|turn|19\n|\n|t:|1659895398\n|switch|p2a: Ho-Oh|Ho-Oh|100\/100\n|move|p1a: Necrozma|Knock Off|p2a: Ho-Oh\n|-damage|p2a: Ho-Oh|73\/100\n|-enditem|p2a: Ho-Oh|Heavy-Duty Boots|[from] move: Knock Off|[of] p1a: Necrozma\n|\n|upkeep\n|turn|20\n|\n|t:|1659895410\n|switch|p1a: Clefable|Clefable, F|100\/100 par\n|move|p2a: Ho-Oh|Sacred Fire|p1a: Clefable\n|-damage|p1a: Clefable|56\/100 par\n|\n|upkeep\n|turn|21\n|\n|t:|1659895415\n|move|p2a: Ho-Oh|Brave Bird|p1a: Clefable\n|-damage|p1a: Clefable|7\/100 par\n|-damage|p2a: Ho-Oh|57\/100|[from] Recoil\n|move|p1a: Clefable|Thunder Wave|p2a: Ho-Oh\n|-status|p2a: Ho-Oh|par\n|\n|upkeep\n|turn|22\n|\n|t:|1659895425\n|switch|p1a: Yveltal|Yveltal|100\/100\n|-ability|p1a: Yveltal|Dark Aura\n|move|p2a: Ho-Oh|Brave Bird|p1a: Yveltal\n|-damage|p1a: Yveltal|52\/100\n|-damage|p2a: Ho-Oh|40\/100 par|[from] Recoil\n|\n|upkeep\n|turn|23\n|\n|t:|1659895435\n|switch|p2a: Yveltal|Yveltal|85\/100\n|-ability|p2a: Yveltal|Dark Aura\n|move|p1a: Yveltal|Foul Play|p2a: Yveltal\n|-resisted|p2a: Yveltal\n|-damage|p2a: Yveltal|62\/100\n|\n|upkeep\n|turn|24\n|\n|t:|1659895445\n|move|p2a: Yveltal|Defog|p1a: Yveltal\n|-unboost|p1a: Yveltal|evasion|1\n|-sideend|p2: Exiline|Stealth Rock|[from] move: Defog|[of] p2a: Yveltal\n|move|p1a: Yveltal|Roost|p1a: Yveltal\n|-heal|p1a: Yveltal|100\/100\n|-singleturn|p1a: Yveltal|move: Roost\n|\n|upkeep\n|turn|25\n|\n|t:|1659895464\n|move|p2a: Yveltal|Roost|p2a: Yveltal\n|-heal|p2a: Yveltal|100\/100\n|-singleturn|p2a: Yveltal|move: Roost\n|move|p1a: Yveltal|Foul Play|p2a: Yveltal\n|-resisted|p2a: Yveltal\n|-damage|p2a: Yveltal|77\/100\n|\n|upkeep\n|turn|26\n|\n|t:|1659895476\n|move|p2a: Yveltal|U-turn|p1a: Yveltal\n|-damage|p1a: Yveltal|85\/100\n|\n|t:|1659895480\n|switch|p2a: Xerneas|Xerneas|88\/100|[from]move: U-turn\n|-ability|p2a: Xerneas|Fairy Aura\n|move|p1a: Yveltal|Foul Play|p2a: Xerneas\n|-resisted|p2a: Xerneas\n|-damage|p2a: Xerneas|68\/100\n|\n|upkeep\n|turn|27\n|\n|t:|1659895489\n|switch|p2a: Yveltal|Yveltal|77\/100\n|-ability|p2a: Yveltal|Dark Aura\n|switch|p1a: Calyrex|Calyrex-Shadow|100\/100\n|-ability|p1a: Calyrex|As One\n|-ability|p1a: Calyrex|Unnerve\n|\n|upkeep\n|turn|28\n|\n|t:|1659895503\n|switch|p1a: Yveltal|Yveltal|85\/100\n|-ability|p1a: Yveltal|Dark Aura\n|move|p2a: Yveltal|Foul Play|p1a: Yveltal\n|-resisted|p1a: Yveltal\n|-damage|p1a: Yveltal|62\/100\n|\n|upkeep\n|turn|29\n|\n|t:|1659895512\n|move|p2a: Yveltal|U-turn|p1a: Yveltal\n|-damage|p1a: Yveltal|46\/100\n|\n|t:|1659895517\n|switch|p2a: Ho-Oh|Ho-Oh|73\/100 par|[from]move: U-turn\n|move|p1a: Yveltal|Foul Play|p2a: Ho-Oh\n|-damage|p2a: Ho-Oh|12\/100 par\n|\n|upkeep\n|turn|30\n|\n|t:|1659895526\n|switch|p1a: Calyrex|Calyrex-Shadow|100\/100\n|-ability|p1a: Calyrex|As One\n|-ability|p1a: Calyrex|Unnerve\n|switch|p2a: Xerneas|Xerneas|68\/100\n|-ability|p2a: Xerneas|Fairy Aura\n|\n|upkeep\n|turn|31\n|\n|t:|1659895534\n|move|p2a: Xerneas|Moonblast|p1a: Calyrex\n|-damage|p1a: Calyrex|30\/100\n|move|p1a: Calyrex|Astral Barrage|p2a: Xerneas\n|-damage|p2a: Xerneas|0 fnt\n|faint|p2a: Xerneas\n|-ability|p1a: Calyrex|Grim Neigh|boost\n|-boost|p1a: Calyrex|spa|1\n|\n|upkeep\n|\n|t:|1659895540\n|switch|p2a: Yveltal|Yveltal|77\/100\n|-ability|p2a: Yveltal|Dark Aura\n|turn|32\n|\n|t:|1659895560\n|switch|p1a: Eternatus|Eternatus|93\/100 par\n|-ability|p1a: Eternatus|Pressure\n|move|p2a: Yveltal|U-turn|p1a: Eternatus\n|-resisted|p1a: Eternatus\n|-damage|p1a: Eternatus|85\/100 par\n|\n|t:|1659895578\n|switch|p2a: Darmanitan|Darmanitan-Galar, M|100\/100|[from]move: U-turn\n|\n|upkeep\n|turn|33\n|\n|t:|1659895582\n|switch|p1a: Clefable|Clefable, F|7\/100 par\n|move|p2a: Darmanitan|Icicle Crash|p1a: Clefable\n|-damage|p1a: Clefable|0 fnt\n|faint|p1a: Clefable\n|\n|upkeep\n|\n|t:|1659895588\n|switch|p1a: Necrozma|Necrozma-Dusk-Mane|100\/100\n|turn|34\n|inactive|Exiline has 270 seconds left.\n|inactive|Skysolo \u2764 has 270 seconds left.\n|\n|t:|1659895650\n|switch|p2a: Yveltal|Yveltal|77\/100\n|-ability|p2a: Yveltal|Dark Aura\n|move|p1a: Necrozma|Dragon Dance|p1a: Necrozma\n|-boost|p1a: Necrozma|atk|1\n|-boost|p1a: Necrozma|spe|1\n|\n|upkeep\n|turn|35\n|inactive|Skysolo \u2764 has 240 seconds left.\n|\n|t:|1659895674\n|move|p1a: Necrozma|Sunsteel Strike|p2a: Yveltal\n|-damage|p2a: Yveltal|19\/100\n|move|p2a: Yveltal|Foul Play|p1a: Necrozma\n|-supereffective|p1a: Necrozma\n|-damage|p1a: Necrozma|0 fnt\n|faint|p1a: Necrozma\n|\n|upkeep\n|\n|t:|1659895679\n|switch|p1a: Calyrex|Calyrex-Shadow|30\/100\n|-ability|p1a: Calyrex|As One\n|-ability|p1a: Calyrex|Unnerve\n|turn|36\n|\n|t:|1659895695\n|move|p1a: Calyrex|Astral Barrage|p2a: Yveltal\n|-resisted|p2a: Yveltal\n|-damage|p2a: Yveltal|0 fnt\n|faint|p2a: Yveltal\n|-ability|p1a: Calyrex|Grim Neigh|boost\n|-boost|p1a: Calyrex|spa|1\n|\n|upkeep\n|\n|t:|1659895702\n|switch|p2a: Darmanitan|Darmanitan-Galar, M|100\/100\n|turn|37\n|\n|t:|1659895706\n|move|p2a: Darmanitan|U-turn|p1a: Calyrex\n|-damage|p1a: Calyrex|0 fnt\n|faint|p1a: Calyrex\n|\n|t:|1659895712\n|switch|p2a: Ho-Oh|Ho-Oh|45\/100 par|[from]move: U-turn\n|\n|upkeep\n|\n|t:|1659895718\n|switch|p1a: Yveltal|Yveltal|46\/100\n|-ability|p1a: Yveltal|Dark Aura\n|turn|38\n|\n|t:|1659895722\n|switch|p2a: Ferrothorn|Ferrothorn, M|100\/100\n|move|p1a: Yveltal|Foul Play|p2a: Ferrothorn\n|-damage|p2a: Ferrothorn|70\/100\n|-damage|p1a: Yveltal|34\/100|[from] ability: Iron Barbs|[of] p2a: Ferrothorn\n|\n|-heal|p2a: Ferrothorn|77\/100|[from] item: Leftovers\n|upkeep\n|turn|39\n|\n|t:|1659895727\n|switch|p1a: Eternatus|Eternatus|85\/100 par\n|-ability|p1a: Eternatus|Pressure\n|move|p2a: Ferrothorn|Leech Seed|p1a: Eternatus\n|-start|p1a: Eternatus|move: Leech Seed\n|\n|-heal|p2a: Ferrothorn|83\/100|[from] item: Leftovers\n|-damage|p1a: Eternatus|73\/100 par|[from] Leech Seed|[of] p2a: Ferrothorn\n|-heal|p2a: Ferrothorn|99\/100|[silent]\n|upkeep\n|turn|40\n|\n|t:|1659895751\n|switch|p2a: Ho-Oh|Ho-Oh|78\/100 par\n|move|p1a: Eternatus|Toxic||[still]\n|-fail|p1a: Eternatus\n|\n|-damage|p1a: Eternatus|60\/100 par|[from] Leech Seed|[of] p2a: Ho-Oh\n|-heal|p2a: Ho-Oh|92\/100 par|[silent]\n|upkeep\n|turn|41\n|\n|t:|1659895756\n|move|p1a: Eternatus|Recover|p1a: Eternatus\n|-heal|p1a: Eternatus|100\/100 par\n|move|p2a: Ho-Oh|Brave Bird|p1a: Eternatus\n|-damage|p1a: Eternatus|46\/100 par\n|-damage|p2a: Ho-Oh|72\/100 par|[from] Recoil\n|\n|-damage|p1a: Eternatus|33\/100 par|[from] Leech Seed|[of] p2a: Ho-Oh\n|-heal|p2a: Ho-Oh|86\/100 par|[silent]\n|upkeep\n|turn|42\n|c|\u2606Skysolo \u2764|ggs\n|-message|Skysolo \u2764 forfeited.\n|\n|win|Exiline\n|c|\u2606Exiline|ggs\n","uploadtime":1659895763,"views":56,"p1id":"skysolo","p2id":"exiline","formatid":"gen8ubers","rating":0,"private":0,"password":null}