{"id":"smogtours-gen5lc-602264","p1":"Laroxyl","p2":"gali","format":"gen5lc","log":"|inactive|Battle timer is ON: inactive players will automatically lose when time's up.\n|t:|1642189022\n|gametype|singles\n|player|p1|Laroxyl|#scl1spartans|\n|player|p2|gali|cowgirl|\n|teamsize|p1|6\n|teamsize|p2|6\n|gen|5\n|tier|[Gen 5] LC\n|rule|Species Clause: Limit one of each Pok\u00e9mon\n|rule|OHKO Clause: OHKO moves are banned\n|rule|Moody Clause: Moody is banned\n|rule|Evasion Moves Clause: Evasion moves are banned\n|rule|Endless Battle Clause: Forcing endless battles is banned\n|rule|HP Percentage Mod: HP is shown in percentages\n|rule|Sleep Clause: Sleep-inducing moves are banned\n|clearpoke\n|poke|p1|Porygon, L5|item\n|poke|p1|Mienfoo, L5, M|item\n|poke|p1|Pawniard, L5, M|item\n|poke|p1|Frillish, L5, M|item\n|poke|p1|Diglett, L5, F|item\n|poke|p1|Natu, L5, M|item\n|poke|p2|Mienfoo, L5, F|item\n|poke|p2|Abra, L5, F|item\n|poke|p2|Hippopotas, L5, M|item\n|poke|p2|Gastly, L5, M|item\n|poke|p2|Staryu, L5|item\n|poke|p2|Lileep, L5, M|item\n|teampreview\n|inactive|gali has 270 seconds left.\n|\n|t:|1642189054\n|start\n|switch|p1a: Frillish|Frillish, L5, M|100\/100\n|switch|p2a: Mienfoo|Mienfoo, L5, F|100\/100\n|turn|1\n|\n|t:|1642189064\n|move|p2a: Mienfoo|U-turn|p1a: Frillish\n|-resisted|p1a: Frillish\n|-damage|p1a: Frillish|92\/100\n|\n|t:|1642189069\n|switch|p2a: Staryu|Staryu, L5|100\/100|[from]move: U-turn\n|move|p1a: Frillish|Will-O-Wisp|p2a: Staryu\n|-status|p2a: Staryu|brn\n|\n|-damage|p2a: Staryu|91\/100 brn|[from] brn\n|upkeep\n|turn|2\n|\n|t:|1642189080\n|switch|p1a: Porygon|Porygon, L5|100\/100\n|-ability|p1a: Porygon|Natural Cure|[from] ability: Trace|[of] p2a: Staryu\n|move|p2a: Staryu|Toxic|p1a: Porygon\n|-status|p1a: Porygon|tox\n|\n|-damage|p1a: Porygon|97\/100 tox|[from] psn\n|-damage|p2a: Staryu|81\/100 brn|[from] brn\n|upkeep\n|turn|3\n|inactive|Laroxyl has 270 seconds left.\n|\n|t:|1642189120\n|-curestatus|p2a: Staryu|brn|[from] ability: Natural Cure\n|switch|p2a: Hippopotas|Hippopotas, L5, M|100\/100\n|-weather|Sandstorm|[from] ability: Sand Stream|[of] p2a: Hippopotas\n|-curestatus|p1a: Porygon|tox|[from] ability: Natural Cure\n|switch|p1a: Mienfoo|Mienfoo, L5, M|100\/100\n|\n|-weather|Sandstorm|[upkeep]\n|-damage|p1a: Mienfoo|96\/100|[from] Sandstorm\n|upkeep\n|turn|4\n|inactive|Laroxyl has 270 seconds left.\n|\n|t:|1642189137\n|move|p1a: Mienfoo|U-turn|p2a: Hippopotas\n|-damage|p2a: Hippopotas|84\/100\n|\n|t:|1642189140\n|switch|p1a: Natu|Natu, L5, M|100\/100|[from]move: U-turn\n|move|p2a: Hippopotas|Crunch|p1a: Natu\n|-supereffective|p1a: Natu\n|-damage|p1a: Natu|57\/100\n|-unboost|p1a: Natu|def|1\n|\n|-weather|Sandstorm|[upkeep]\n|-damage|p1a: Natu|53\/100|[from] Sandstorm\n|upkeep\n|turn|5\n|inactive|Laroxyl has 270 seconds left.\n|\n|t:|1642189158\n|move|p1a: Natu|Toxic|p2a: Hippopotas\n|-status|p2a: Hippopotas|tox\n|move|p2a: Hippopotas|Crunch|p1a: Natu\n|-supereffective|p1a: Natu\n|-damage|p1a: Natu|0 fnt\n|faint|p1a: Natu\n|\n|-weather|Sandstorm|[upkeep]\n|-damage|p2a: Hippopotas|80\/100 tox|[from] psn\n|upkeep\n|inactive|Laroxyl has 270 seconds left.\n|\n|t:|1642189174\n|switch|p1a: Frillish|Frillish, L5, M|92\/100\n|turn|6\n|inactive|gali disconnected and has 300 seconds to reconnect!\n|player|p2|\n|inactive|gali reconnected and has 295 seconds left.\n|player|p2|gali|cowgirl\n|\n|t:|1642189206\n|move|p1a: Frillish|Taunt|p2a: Hippopotas\n|-start|p2a: Hippopotas|move: Taunt\n|cant|p2a: Hippopotas|move: Taunt|Stealth Rock\n|\n|-weather|Sandstorm|[upkeep]\n|-damage|p1a: Frillish|88\/100|[from] Sandstorm\n|-damage|p2a: Hippopotas|72\/100 tox|[from] psn\n|upkeep\n|turn|7\n|inactive|Laroxyl has 270 seconds left.\n|\n|t:|1642189224\n|switch|p1a: Mienfoo|Mienfoo, L5, M|100\/100\n|switch|p2a: Lileep|Lileep, L5, M|100\/100\n|\n|-weather|Sandstorm|[upkeep]\n|-damage|p1a: Mienfoo|96\/100|[from] Sandstorm\n|upkeep\n|turn|8\n|inactive|Laroxyl has 270 seconds left.\n|\n|t:|1642189237\n|switch|p2a: Hippopotas|Hippopotas, L5, M|72\/100 tox\n|move|p1a: Mienfoo|Knock Off|p2a: Hippopotas\n|-damage|p2a: Hippopotas|68\/100 tox\n|-enditem|p2a: Hippopotas|Eviolite|[from] move: Knock Off|[of] p1a: Mienfoo\n|\n|-weather|Sandstorm|[upkeep]\n|-damage|p1a: Mienfoo|91\/100|[from] Sandstorm\n|-damage|p2a: Hippopotas|64\/100 tox|[from] psn\n|upkeep\n|turn|9\n|\n|t:|1642189247\n|move|p1a: Mienfoo|High Jump Kick|p2a: Hippopotas\n|-damage|p2a: Hippopotas|12\/100 tox\n|move|p2a: Hippopotas|Stealth Rock|p1a: Mienfoo\n|-sidestart|p1: Laroxyl|move: Stealth Rock\n|\n|-weather|Sandstorm|[upkeep]\n|-damage|p1a: Mienfoo|86\/100|[from] Sandstorm\n|-damage|p2a: Hippopotas|4\/100 tox|[from] psn\n|upkeep\n|turn|10\n|inactive|Laroxyl has 270 seconds left.\n|\n|t:|1642189263\n|move|p1a: Mienfoo|Knock Off|p2a: Hippopotas\n|-damage|p2a: Hippopotas|0 fnt\n|faint|p2a: Hippopotas\n|\n|-weather|Sandstorm|[upkeep]\n|-damage|p1a: Mienfoo|81\/100|[from] Sandstorm\n|upkeep\n|\n|t:|1642189282\n|switch|p2a: Gastly|Gastly, L5, M|100\/100\n|turn|11\n|inactive|Laroxyl has 270 seconds left.\n|\n|t:|1642189299\n|move|p2a: Gastly|Will-O-Wisp|p1a: Mienfoo|[miss]\n|-miss|p2a: Gastly|p1a: Mienfoo\n|move|p1a: Mienfoo|Knock Off|p2a: Gastly\n|-supereffective|p2a: Gastly\n|-damage|p2a: Gastly|81\/100\n|-enditem|p2a: Gastly|Eviolite|[from] move: Knock Off|[of] p1a: Mienfoo\n|\n|-weather|Sandstorm|[upkeep]\n|-damage|p2a: Gastly|77\/100|[from] Sandstorm\n|-damage|p1a: Mienfoo|77\/100|[from] Sandstorm\n|upkeep\n|turn|12\n|inactive|Laroxyl has 270 seconds left.\n|\n|t:|1642189312\n|move|p2a: Gastly|Will-O-Wisp|p1a: Mienfoo\n|-status|p1a: Mienfoo|brn\n|move|p1a: Mienfoo|U-turn|p2a: Gastly\n|-resisted|p2a: Gastly\n|-damage|p2a: Gastly|72\/100\n|\n|t:|1642189317\n|switch|p1a: Diglett|Diglett, L5, F|100\/100|[from]move: U-turn\n|-damage|p1a: Diglett|95\/100|[from] Stealth Rock\n|\n|-weather|Sandstorm|[upkeep]\n|-damage|p2a: Gastly|67\/100|[from] Sandstorm\n|upkeep\n|turn|13\n|\n|t:|1642189330\n|move|p1a: Diglett|Pursuit|p2a: Gastly\n|-supereffective|p2a: Gastly\n|-damage|p2a: Gastly|5\/100\n|-damage|p1a: Diglett|89\/100|[from] item: Life Orb\n|move|p2a: Gastly|Shadow Ball|p1a: Diglett\n|-damage|p1a: Diglett|6\/100\n|-unboost|p1a: Diglett|spd|1\n|\n|-weather|Sandstorm|[upkeep]\n|-damage|p2a: Gastly|0 fnt|[from] Sandstorm\n|faint|p2a: Gastly\n|upkeep\n|\n|t:|1642189351\n|switch|p2a: Staryu|Staryu, L5|81\/100\n|turn|14\n|\n|t:|1642189367\n|switch|p1a: Mienfoo|Mienfoo, L5, M|100\/100 brn\n|-damage|p1a: Mienfoo|96\/100 brn|[from] Stealth Rock\n|move|p2a: Staryu|Recover|p2a: Staryu\n|-heal|p2a: Staryu|100\/100\n|\n|-weather|Sandstorm|[upkeep]\n|-damage|p2a: Staryu|96\/100|[from] Sandstorm\n|-damage|p1a: Mienfoo|91\/100 brn|[from] Sandstorm\n|-damage|p1a: Mienfoo|81\/100 brn|[from] brn\n|upkeep\n|turn|15\n|inactive|gali has 270 seconds left.\n|\n|t:|1642189388\n|move|p2a: Staryu|Cosmic Power|p2a: Staryu\n|-boost|p2a: Staryu|def|1\n|-boost|p2a: Staryu|spd|1\n|move|p1a: Mienfoo|Knock Off|p2a: Staryu\n|-damage|p2a: Staryu|91\/100\n|-enditem|p2a: Staryu|Eviolite|[from] move: Knock Off|[of] p1a: Mienfoo\n|\n|-weather|Sandstorm|[upkeep]\n|-damage|p2a: Staryu|86\/100|[from] Sandstorm\n|-damage|p1a: Mienfoo|77\/100 brn|[from] Sandstorm\n|-damage|p1a: Mienfoo|67\/100 brn|[from] brn\n|upkeep\n|turn|16\n|inactive|gali has 270 seconds left.\n|\n|t:|1642189394\n|move|p2a: Staryu|Cosmic Power|p2a: Staryu\n|-boost|p2a: Staryu|def|1\n|-boost|p2a: Staryu|spd|1\n|move|p1a: Mienfoo|U-turn|p2a: Staryu\n|-damage|p2a: Staryu|77\/100\n|\n|t:|1642189400\n|switch|p1a: Porygon|Porygon, L5|97\/100|[from]move: U-turn\n|-damage|p1a: Porygon|85\/100|[from] Stealth Rock\n|-ability|p1a: Porygon|Natural Cure|[from] ability: Trace|[of] p2a: Staryu\n|\n|-weather|Sandstorm|[upkeep]\n|-damage|p2a: Staryu|72\/100|[from] Sandstorm\n|-damage|p1a: Porygon|81\/100|[from] Sandstorm\n|upkeep\n|turn|17\n|\n|t:|1642189406\n|move|p2a: Staryu|Toxic|p1a: Porygon\n|-status|p1a: Porygon|tox\n|move|p1a: Porygon|Thunder Wave|p2a: Staryu\n|-status|p2a: Staryu|par\n|\n|-weather|Sandstorm|[upkeep]\n|-damage|p1a: Porygon|77\/100 tox|[from] Sandstorm\n|-damage|p2a: Staryu|67\/100 par|[from] Sandstorm\n|-damage|p1a: Porygon|74\/100 tox|[from] psn\n|upkeep\n|turn|18\n|\n|t:|1642189412\n|move|p1a: Porygon|Thunderbolt|p2a: Staryu\n|-supereffective|p2a: Staryu\n|-damage|p2a: Staryu|20\/100 par\n|move|p2a: Staryu|Recover|p2a: Staryu\n|-heal|p2a: Staryu|72\/100 par\n|\n|-weather|Sandstorm|[upkeep]\n|-damage|p1a: Porygon|70\/100 tox|[from] Sandstorm\n|-damage|p2a: Staryu|67\/100 par|[from] Sandstorm\n|-damage|p1a: Porygon|62\/100 tox|[from] psn\n|upkeep\n|turn|19\n|\n|t:|1642189428\n|-curestatus|p1a: Porygon|tox|[from] ability: Natural Cure\n|switch|p1a: Frillish|Frillish, L5, M|88\/100\n|-damage|p1a: Frillish|75\/100|[from] Stealth Rock\n|move|p2a: Staryu|Recover|p2a: Staryu\n|-heal|p2a: Staryu|100\/100 par\n|\n|-weather|Sandstorm|[upkeep]\n|-damage|p1a: Frillish|71\/100|[from] Sandstorm\n|-damage|p2a: Staryu|96\/100 par|[from] Sandstorm\n|upkeep\n|turn|20\n|inactive|Laroxyl has 270 seconds left.\n|\n|t:|1642189462\n|-curestatus|p2a: Staryu|par|[from] ability: Natural Cure\n|switch|p2a: Lileep|Lileep, L5, M|100\/100\n|move|p1a: Frillish|Taunt|p2a: Lileep\n|-start|p2a: Lileep|move: Taunt\n|\n|-weather|Sandstorm|[upkeep]\n|-damage|p1a: Frillish|67\/100|[from] Sandstorm\n|upkeep\n|turn|21\n|\n|t:|1642189478\n|switch|p1a: Pawniard|Pawniard, L5, M|100\/100\n|-damage|p1a: Pawniard|96\/100|[from] Stealth Rock\n|move|p2a: Lileep|Giga Drain|p1a: Pawniard\n|-resisted|p1a: Pawniard\n|-damage|p1a: Pawniard|81\/100\n|\n|-weather|Sandstorm|[upkeep]\n|upkeep\n|turn|22\n|inactive|Laroxyl has 270 seconds left.\n|\n|t:|1642189497\n|switch|p2a: Mienfoo|Mienfoo, L5, F|100\/100\n|move|p1a: Pawniard|Knock Off|p2a: Mienfoo\n|-resisted|p2a: Mienfoo\n|-damage|p2a: Mienfoo|96\/100\n|-enditem|p2a: Mienfoo|Eviolite|[from] move: Knock Off|[of] p1a: Pawniard\n|\n|-weather|Sandstorm|[upkeep]\n|-damage|p2a: Mienfoo|92\/100|[from] Sandstorm\n|upkeep\n|turn|23\n|inactive|Laroxyl has 270 seconds left.\n|\n|t:|1642189511\n|move|p1a: Pawniard|Iron Head|p2a: Mienfoo\n|-damage|p2a: Mienfoo|40\/100\n|move|p2a: Mienfoo|Knock Off|p1a: Pawniard\n|-resisted|p1a: Pawniard\n|-damage|p1a: Pawniard|77\/100\n|-enditem|p1a: Pawniard|Eviolite|[from] move: Knock Off|[of] p2a: Mienfoo\n|\n|-weather|Sandstorm|[upkeep]\n|-damage|p2a: Mienfoo|35\/100|[from] Sandstorm\n|upkeep\n|turn|24\n|inactive|Laroxyl has 270 seconds left.\n|\n|t:|1642189521\n|switch|p2a: Staryu|Staryu, L5|96\/100\n|move|p1a: Pawniard|Stealth Rock|p2a: Staryu\n|-sidestart|p2: gali|move: Stealth Rock\n|\n|-weather|Sandstorm|[upkeep]\n|-damage|p2a: Staryu|91\/100|[from] Sandstorm\n|upkeep\n|turn|25\n|inactive|Laroxyl has 270 seconds left.\n|\n|t:|1642189545\n|switch|p1a: Mienfoo|Mienfoo, L5, M|100\/100 brn\n|-damage|p1a: Mienfoo|96\/100 brn|[from] Stealth Rock\n|move|p2a: Staryu|Scald|p1a: Mienfoo\n|-damage|p1a: Mienfoo|62\/100 brn\n|\n|-weather|Sandstorm|[upkeep]\n|-damage|p2a: Staryu|86\/100|[from] Sandstorm\n|-damage|p1a: Mienfoo|58\/100 brn|[from] Sandstorm\n|-damage|p1a: Mienfoo|48\/100 brn|[from] brn\n|upkeep\n|turn|26\n|\n|t:|1642189555\n|move|p2a: Staryu|Cosmic Power|p2a: Staryu\n|-boost|p2a: Staryu|def|1\n|-boost|p2a: Staryu|spd|1\n|move|p1a: Mienfoo|U-turn|p2a: Staryu\n|-damage|p2a: Staryu|77\/100\n|\n|t:|1642189559\n|switch|p1a: Porygon|Porygon, L5|62\/100|[from]move: U-turn\n|-damage|p1a: Porygon|50\/100|[from] Stealth Rock\n|-ability|p1a: Porygon|Natural Cure|[from] ability: Trace|[of] p2a: Staryu\n|\n|-weather|Sandstorm|[upkeep]\n|-damage|p2a: Staryu|72\/100|[from] Sandstorm\n|-damage|p1a: Porygon|47\/100|[from] Sandstorm\n|upkeep\n|turn|27\n|\n|t:|1642189570\n|move|p2a: Staryu|Toxic|p1a: Porygon\n|-status|p1a: Porygon|tox\n|move|p1a: Porygon|Recover|p1a: Porygon\n|-heal|p1a: Porygon|97\/100 tox\n|\n|-weather|Sandstorm|[upkeep]\n|-damage|p2a: Staryu|67\/100|[from] Sandstorm\n|-damage|p1a: Porygon|93\/100 tox|[from] Sandstorm\n|-damage|p1a: Porygon|89\/100 tox|[from] psn\n|upkeep\n|turn|28\n|\n|t:|1642189577\n|move|p2a: Staryu|Recover|p2a: Staryu\n|-heal|p2a: Staryu|100\/100\n|move|p1a: Porygon|Thunder Wave|p2a: Staryu\n|-status|p2a: Staryu|par\n|\n|-weather|Sandstorm|[upkeep]\n|-damage|p1a: Porygon|85\/100 tox|[from] Sandstorm\n|-damage|p2a: Staryu|96\/100 par|[from] Sandstorm\n|-damage|p1a: Porygon|77\/100 tox|[from] psn\n|upkeep\n|turn|29\n|\n|t:|1642189600\n|-curestatus|p1a: Porygon|tox|[from] ability: Natural Cure\n|switch|p1a: Mienfoo|Mienfoo, L5, M|81\/100 brn\n|-damage|p1a: Mienfoo|77\/100 brn|[from] Stealth Rock\n|-curestatus|p2a: Staryu|par|[from] ability: Natural Cure\n|switch|p2a: Lileep|Lileep, L5, M|100\/100\n|-damage|p2a: Lileep|89\/100|[from] Stealth Rock\n|\n|-weather|Sandstorm|[upkeep]\n|-damage|p1a: Mienfoo|72\/100 brn|[from] Sandstorm\n|-damage|p1a: Mienfoo|62\/100 brn|[from] brn\n|upkeep\n|turn|30\n|inactive|Laroxyl has 270 seconds left.\n|\n|t:|1642189617\n|move|p1a: Mienfoo|U-turn|p2a: Lileep\n|-supereffective|p2a: Lileep\n|-damage|p2a: Lileep|70\/100\n|\n|t:|1642189620\n|switch|p1a: Pawniard|Pawniard, L5, M|77\/100|[from]move: U-turn\n|-damage|p1a: Pawniard|72\/100|[from] Stealth Rock\n|move|p2a: Lileep|Giga Drain|p1a: Pawniard\n|-resisted|p1a: Pawniard\n|-damage|p1a: Pawniard|43\/100\n|-heal|p2a: Lileep|81\/100|[from] drain|[of] p1a: Pawniard\n|\n|-weather|Sandstorm|[upkeep]\n|upkeep\n|turn|31\n|\n|t:|1642189637\n|switch|p2a: Staryu|Staryu, L5|96\/100\n|-damage|p2a: Staryu|86\/100|[from] Stealth Rock\n|move|p1a: Pawniard|Knock Off|p2a: Staryu\n|-damage|p2a: Staryu|72\/100\n|\n|-weather|Sandstorm|[upkeep]\n|-damage|p2a: Staryu|67\/100|[from] Sandstorm\n|upkeep\n|turn|32\n|\n|t:|1642189650\n|switch|p2a: Mienfoo|Mienfoo, L5, F|66\/100\n|-damage|p2a: Mienfoo|61\/100|[from] Stealth Rock\n|switch|p1a: Porygon|Porygon, L5|77\/100\n|-damage|p1a: Porygon|66\/100|[from] Stealth Rock\n|-ability|p1a: Porygon|Regenerator|[from] ability: Trace|[of] p2a: Mienfoo\n|\n|-weather|Sandstorm|[upkeep]\n|-damage|p2a: Mienfoo|57\/100|[from] Sandstorm\n|-damage|p1a: Porygon|62\/100|[from] Sandstorm\n|upkeep\n|turn|33\n|inactive|Laroxyl has 270 seconds left.\n|\n|t:|1642189670\n|switch|p1a: Mienfoo|Mienfoo, L5, M|96\/100 brn\n|-damage|p1a: Mienfoo|91\/100 brn|[from] Stealth Rock\n|move|p2a: Mienfoo|Knock Off|p1a: Mienfoo\n|-resisted|p1a: Mienfoo\n|-damage|p1a: Mienfoo|86\/100 brn\n|-enditem|p1a: Mienfoo|Eviolite|[from] move: Knock Off|[of] p2a: Mienfoo\n|\n|-weather|Sandstorm|[upkeep]\n|-damage|p1a: Mienfoo|81\/100 brn|[from] Sandstorm\n|-damage|p2a: Mienfoo|53\/100|[from] Sandstorm\n|-damage|p1a: Mienfoo|72\/100 brn|[from] brn\n|upkeep\n|turn|34\n|inactive|Laroxyl has 270 seconds left.\n|\n|t:|1642189687\n|move|p1a: Mienfoo|High Jump Kick|p2a: Mienfoo|[miss]\n|-miss|p1a: Mienfoo|p2a: Mienfoo\n|-damage|p1a: Mienfoo|24\/100 brn|[from] highjumpkick\n|move|p2a: Mienfoo|U-turn|p1a: Mienfoo\n|-resisted|p1a: Mienfoo\n|-damage|p1a: Mienfoo|5\/100 brn\n|c|\u2606gali|sorry\n|\n|t:|1642189700\n|switch|p2a: Abra|Abra, L5, F|100\/100|[from]move: U-turn\n|\n|-weather|Sandstorm|[upkeep]\n|-damage|p1a: Mienfoo|0 fnt|[from] Sandstorm\n|faint|p1a: Mienfoo\n|upkeep\n|\n|t:|1642189710\n|switch|p1a: Porygon|Porygon, L5|93\/100\n|-damage|p1a: Porygon|81\/100|[from] Stealth Rock\n|-ability|p1a: Porygon|Magic Guard|[from] ability: Trace|[of] p2a: Abra\n|turn|35\n|inactive|Laroxyl has 270 seconds left.\n|\n|t:|1642189718\n|switch|p2a: Lileep|Lileep, L5, M|81\/100\n|-damage|p2a: Lileep|70\/100|[from] Stealth Rock\n|move|p1a: Porygon|Thunder Wave|p2a: Lileep\n|-status|p2a: Lileep|par\n|\n|-weather|Sandstorm|[upkeep]\n|upkeep\n|turn|36\n|inactive|Laroxyl has 270 seconds left.\n|\n|t:|1642189734\n|switch|p1a: Pawniard|Pawniard, L5, M|43\/100\n|-damage|p1a: Pawniard|39\/100|[from] Stealth Rock\n|move|p2a: Lileep|Giga Drain|p1a: Pawniard\n|-resisted|p1a: Pawniard\n|-damage|p1a: Pawniard|15\/100\n|-heal|p2a: Lileep|81\/100 par|[from] drain|[of] p1a: Pawniard\n|\n|-weather|Sandstorm|[upkeep]\n|upkeep\n|turn|37\n|inactive|Laroxyl has 270 seconds left.\n|\n|t:|1642189751\n|switch|p2a: Mienfoo|Mienfoo, L5, F|83\/100\n|-damage|p2a: Mienfoo|79\/100|[from] Stealth Rock\n|move|p1a: Pawniard|Iron Head|p2a: Mienfoo\n|-damage|p2a: Mienfoo|27\/100\n|\n|-weather|Sandstorm|[upkeep]\n|-damage|p2a: Mienfoo|22\/100|[from] Sandstorm\n|upkeep\n|turn|38\n|\n|t:|1642189758\n|move|p2a: Mienfoo|Fake Out|p1a: Pawniard\n|-resisted|p1a: Pawniard\n|-damage|p1a: Pawniard|5\/100\n|cant|p1a: Pawniard|flinch\n|\n|-weather|Sandstorm|[upkeep]\n|-damage|p2a: Mienfoo|18\/100|[from] Sandstorm\n|upkeep\n|turn|39\n|inactive|Laroxyl has 270 seconds left.\n|\n|t:|1642189768\n|switch|p2a: Staryu|Staryu, L5|67\/100\n|-damage|p2a: Staryu|58\/100|[from] Stealth Rock\n|move|p1a: Pawniard|Iron Head|p2a: Staryu\n|-resisted|p2a: Staryu\n|-damage|p2a: Staryu|34\/100\n|\n|-weather|Sandstorm|[upkeep]\n|-damage|p2a: Staryu|29\/100|[from] Sandstorm\n|upkeep\n|turn|40\n|inactive|Laroxyl has 270 seconds left.\n|\n|t:|1642189786\n|switch|p1a: Porygon|Porygon, L5|81\/100\n|-damage|p1a: Porygon|70\/100|[from] Stealth Rock\n|-ability|p1a: Porygon|Natural Cure|[from] ability: Trace|[of] p2a: Staryu\n|move|p2a: Staryu|Recover|p2a: Staryu\n|-heal|p2a: Staryu|81\/100\n|\n|-weather|Sandstorm|[upkeep]\n|-damage|p2a: Staryu|77\/100|[from] Sandstorm\n|-damage|p1a: Porygon|66\/100|[from] Sandstorm\n|upkeep\n|turn|41\n|inactive|Laroxyl has 270 seconds left.\n|\n|t:|1642189802\n|switch|p2a: Lileep|Lileep, L5, M|81\/100 par\n|-damage|p2a: Lileep|70\/100 par|[from] Stealth Rock\n|move|p1a: Porygon|Recover|p1a: Porygon\n|-heal|p1a: Porygon|100\/100\n|\n|-weather|Sandstorm|[upkeep]\n|-damage|p1a: Porygon|97\/100|[from] Sandstorm\n|upkeep\n|turn|42\n|inactive|Laroxyl has 270 seconds left.\n|\n|t:|1642189815\n|move|p1a: Porygon|Psychic|p2a: Lileep\n|-damage|p2a: Lileep|54\/100 par\n|cant|p2a: Lileep|par\n|\n|-weather|Sandstorm|[upkeep]\n|-damage|p1a: Porygon|93\/100|[from] Sandstorm\n|upkeep\n|turn|43\n|inactive|Laroxyl has 270 seconds left.\n|\n|t:|1642189822\n|move|p1a: Porygon|Psychic|p2a: Lileep\n|-damage|p2a: Lileep|43\/100 par\n|cant|p2a: Lileep|par\n|\n|-weather|Sandstorm|[upkeep]\n|-damage|p1a: Porygon|89\/100|[from] Sandstorm\n|upkeep\n|turn|44\n|\n|t:|1642189827\n|move|p1a: Porygon|Psychic|p2a: Lileep\n|-damage|p2a: Lileep|31\/100 par\n|-unboost|p2a: Lileep|spd|1\n|cant|p2a: Lileep|par\n|\n|-weather|Sandstorm|[upkeep]\n|-damage|p1a: Porygon|85\/100|[from] Sandstorm\n|upkeep\n|turn|45\n|\n|t:|1642189836\n|move|p1a: Porygon|Psychic|p2a: Lileep\n|-damage|p2a: Lileep|12\/100 par\n|move|p2a: Lileep|Recover|p2a: Lileep\n|-heal|p2a: Lileep|62\/100 par\n|\n|-weather|Sandstorm|[upkeep]\n|-damage|p1a: Porygon|81\/100|[from] Sandstorm\n|upkeep\n|turn|46\n|\n|t:|1642189847\n|switch|p2a: Staryu|Staryu, L5|77\/100\n|-damage|p2a: Staryu|67\/100|[from] Stealth Rock\n|move|p1a: Porygon|Psychic|p2a: Staryu\n|-damage|p2a: Staryu|24\/100\n|\n|-weather|Sandstorm|[upkeep]\n|-damage|p2a: Staryu|20\/100|[from] Sandstorm\n|-damage|p1a: Porygon|77\/100|[from] Sandstorm\n|upkeep\n|turn|47\n|\n|t:|1642189857\n|move|p2a: Staryu|Scald|p1a: Porygon\n|-damage|p1a: Porygon|54\/100\n|move|p1a: Porygon|Thunderbolt|p2a: Staryu\n|-supereffective|p2a: Staryu\n|-damage|p2a: Staryu|0 fnt\n|faint|p2a: Staryu\n|\n|-weather|Sandstorm|[upkeep]\n|-damage|p1a: Porygon|50\/100|[from] Sandstorm\n|upkeep\n|\n|t:|1642189866\n|switch|p2a: Mienfoo|Mienfoo, L5, F|48\/100\n|-damage|p2a: Mienfoo|44\/100|[from] Stealth Rock\n|turn|48\n|inactive|Laroxyl has 270 seconds left.\n|inactive|gali has 270 seconds left.\n|\n|t:|1642189915\n|move|p2a: Mienfoo|High Jump Kick|p1a: Porygon\n|-supereffective|p1a: Porygon\n|-damage|p1a: Porygon|0 fnt\n|faint|p1a: Porygon\n|\n|-weather|Sandstorm|[upkeep]\n|-damage|p2a: Mienfoo|40\/100|[from] Sandstorm\n|upkeep\n|c|\u2606Laroxyl|I don\u2019t understand\n|c|\u2606Laroxyl|but ok\n|inactive|Laroxyl has 240 seconds left.\n|\n|t:|1642189943\n|switch|p1a: Frillish|Frillish, L5, M|67\/100\n|-damage|p1a: Frillish|55\/100|[from] Stealth Rock\n|turn|49\n|\n|t:|1642189948\n|move|p2a: Mienfoo|Knock Off|p1a: Frillish\n|-supereffective|p1a: Frillish\n|-damage|p1a: Frillish|38\/100\n|-enditem|p1a: Frillish|Eviolite|[from] move: Knock Off|[of] p2a: Mienfoo\n|move|p1a: Frillish|Recover|p1a: Frillish\n|-heal|p1a: Frillish|88\/100\n|\n|-weather|Sandstorm|[upkeep]\n|-damage|p2a: Mienfoo|35\/100|[from] Sandstorm\n|-damage|p1a: Frillish|84\/100|[from] Sandstorm\n|upkeep\n|turn|50\n|\n|t:|1642189957\n|move|p2a: Mienfoo|Knock Off|p1a: Frillish\n|-supereffective|p1a: Frillish\n|-damage|p1a: Frillish|59\/100\n|move|p1a: Frillish|Recover|p1a: Frillish\n|-heal|p1a: Frillish|100\/100\n|\n|-weather|Sandstorm|[upkeep]\n|-damage|p2a: Mienfoo|31\/100|[from] Sandstorm\n|-damage|p1a: Frillish|96\/100|[from] Sandstorm\n|upkeep\n|turn|51\n|\n|t:|1642189963\n|move|p2a: Mienfoo|Knock Off|p1a: Frillish\n|-supereffective|p1a: Frillish\n|-damage|p1a: Frillish|80\/100\n|-start|p2a: Mienfoo|Disable|Knock Off|[from] ability: Cursed Body|[of] p1a: Frillish\n|move|p1a: Frillish|Will-O-Wisp|p2a: Mienfoo|[miss]\n|-miss|p1a: Frillish|p2a: Mienfoo\n|\n|-weather|Sandstorm|[upkeep]\n|-damage|p2a: Mienfoo|27\/100|[from] Sandstorm\n|-damage|p1a: Frillish|75\/100|[from] Sandstorm\n|upkeep\n|turn|52\n|inactive|Laroxyl has 270 seconds left.\n|\n|t:|1642189972\n|move|p2a: Mienfoo|High Jump Kick|p1a: Frillish\n|-immune|p1a: Frillish\n|-damage|p2a: Mienfoo|0 fnt|[from] highjumpkick\n|faint|p2a: Mienfoo\n|move|p1a: Frillish|Recover|p1a: Frillish\n|-heal|p1a: Frillish|100\/100\n|\n|-weather|Sandstorm|[upkeep]\n|-damage|p1a: Frillish|96\/100|[from] Sandstorm\n|upkeep\n|\n|t:|1642189978\n|switch|p2a: Lileep|Lileep, L5, M|62\/100 par\n|-damage|p2a: Lileep|50\/100 par|[from] Stealth Rock\n|turn|53\n|inactive|Laroxyl has 270 seconds left.\n|\n|t:|1642189993\n|move|p1a: Frillish|Taunt|p2a: Lileep\n|-start|p2a: Lileep|move: Taunt\n|cant|p2a: Lileep|par\n|\n|-weather|Sandstorm|[upkeep]\n|-damage|p1a: Frillish|92\/100|[from] Sandstorm\n|upkeep\n|turn|54\n|\n|t:|1642190000\n|switch|p1a: Diglett|Diglett, L5, F|6\/100\n|-damage|p1a: Diglett|0 fnt|[from] Stealth Rock\n|faint|p1a: Diglett\n|move|p2a: Lileep|Giga Drain|p1: Diglett|[notarget]\n|-fail|p2a: Lileep\n|\n|-weather|Sandstorm|[upkeep]\n|upkeep\n|\n|t:|1642190003\n|switch|p1a: Pawniard|Pawniard, L5, M|5\/100\n|-damage|p1a: Pawniard|0 fnt|[from] Stealth Rock\n|faint|p1a: Pawniard\n|-message|Laroxyl forfeited.\n|\n|win|gali\n|c|\u2606gali|has\n|c|\u2606gali|ggs* \n","uploadtime":1642190009,"views":73,"p1id":"laroxyl","p2id":"gali","formatid":"gen5lc","rating":0,"private":0,"password":null}