{"id":"smogtours-gen8randombattle-660374","p1":"Demonlord_001","p2":"JesterArtisticBoi","format":"gen8randombattle","log":"|inactive|Battle timer is ON: inactive players will automatically lose when time's up.\n|t:|1668037199\n|gametype|singles\n|player|p1|Demonlord_001|n|\n|player|p2|JesterArtisticBoi|depotagent|\n|teamsize|p1|6\n|teamsize|p2|6\n|gen|8\n|tier|[Gen 8] Random Battle\n|rule|Species Clause: Limit one of each Pok\u00e9mon\n|rule|HP Percentage Mod: HP is shown in percentages\n|rule|Sleep Clause Mod: Limit one foe put to sleep\n|\n|t:|1668037199\n|start\n|switch|p1a: Swoobat|Swoobat, L86, F|255\/255\n|switch|p2a: Diancie|Diancie, L82|216\/216\n|turn|1\n|inactive|JesterArtisticBoi has 270 seconds left.\n|inactive|JesterArtisticBoi has 240 seconds left.\n|\n|t:|1668037262\n|move|p1a: Swoobat|Calm Mind|p1a: Swoobat\n|-boost|p1a: Swoobat|spa|2\n|-boost|p1a: Swoobat|spd|2\n|move|p2a: Diancie|Moonblast|p1a: Swoobat\n|-damage|p1a: Swoobat|194\/255\n|-unboost|p1a: Swoobat|spa|2\n|\n|upkeep\n|turn|2\n|inactive|Demonlord_001 has 270 seconds left.\n|inactive|Demonlord_001 has 240 seconds left.\n|inactive|Demonlord_001 has 210 seconds left.\n|inactive|Demonlord_001 has 180 seconds left.\n|inactive|Demonlord_001 has 150 seconds left.\n|inactive|Demonlord_001 has 120 seconds left.\n|inactive|Demonlord_001 has 90 seconds left.\n|inactive|Demonlord_001 has 60 seconds left.\n|inactive|Demonlord_001 has 30 seconds left.\n|inactive|Demonlord_001 has 20 seconds left.\n|inactive|Demonlord_001 has 15 seconds left.\n|inactive|Demonlord_001 has 10 seconds left.\n|inactive|Demonlord_001 has 5 seconds left.\n|-message|Demonlord_001 lost due to inactivity.\n|\n|win|JesterArtisticBoi\n","inputlog":">version f879681cb4272b14d10d94fd875a705d2e52f525\n>start {\"formatid\":\"gen8randombattle\",\"seed\":[37432,43285,50270,33991]}\n>player p1 {\"name\":\"Demonlord_001\",\"avatar\":\"n\",\"rating\":0,\"seed\":[55481,4350,64871,46065]}\n>player p2 {\"name\":\"JesterArtisticBoi\",\"avatar\":\"depotagent\",\"rating\":0,\"seed\":[20906,3425,57518,49330]}\n>p1 move calmmind\n>p2 move moonblast\n>forcelose p1","uploadtime":1668037563,"views":3,"p1id":"demonlord001","p2id":"jesterartisticboi","formatid":"gen8randombattle","rating":0,"private":0,"password":null}