{"id":"smogtours-gen5lc-602263","p1":"Laroxyl","p2":"gali","format":"gen5lc","log":"|inactive|Battle timer is ON: inactive players will automatically lose when time's up.\n|t:|1642188473\n|gametype|singles\n|player|p1|Laroxyl|#scl1spartans|\n|player|p2|gali|cowgirl|\n|teamsize|p1|6\n|teamsize|p2|6\n|gen|5\n|tier|[Gen 5] LC\n|rule|Species Clause: Limit one of each Pok\u00e9mon\n|rule|OHKO Clause: OHKO moves are banned\n|rule|Moody Clause: Moody is banned\n|rule|Evasion Moves Clause: Evasion moves are banned\n|rule|Endless Battle Clause: Forcing endless battles is banned\n|rule|HP Percentage Mod: HP is shown in percentages\n|rule|Sleep Clause: Sleep-inducing moves are banned\n|clearpoke\n|poke|p1|Porygon, L5|item\n|poke|p1|Mienfoo, L5, F|item\n|poke|p1|Pawniard, L5, M|item\n|poke|p1|Frillish, L5, M|item\n|poke|p1|Diglett, L5, M|item\n|poke|p1|Natu, L5, M|item\n|poke|p2|Mienfoo, L5, M|item\n|poke|p2|Abra, L5, F|item\n|poke|p2|Trapinch, L5, M|item\n|poke|p2|Gastly, L5, M|item\n|poke|p2|Chinchou, L5, F|item\n|poke|p2|Vullaby, L5, F|item\n|teampreview\n|c|\u2606gali|hf\n|c|\u2606Laroxyl|hf\n|inactive|gali has 270 seconds left.\n|\n|t:|1642188506\n|start\n|switch|p1a: Frillish|Frillish, L5, M|100\/100\n|switch|p2a: Mienfoo|Mienfoo, L5, M|100\/100\n|turn|1\n|\n|t:|1642188516\n|move|p2a: Mienfoo|Taunt|p1a: Frillish\n|-start|p1a: Frillish|move: Taunt\n|cant|p1a: Frillish|move: Taunt|Will-O-Wisp\n|\n|upkeep\n|turn|2\n|\n|t:|1642188524\n|move|p2a: Mienfoo|Knock Off|p1a: Frillish\n|-supereffective|p1a: Frillish\n|-damage|p1a: Frillish|84\/100\n|-enditem|p1a: Frillish|Eviolite|[from] move: Knock Off|[of] p2a: Mienfoo\n|move|p1a: Frillish|Scald|p2a: Mienfoo\n|-damage|p2a: Mienfoo|74\/100\n|\n|upkeep\n|turn|3\n|\n|t:|1642188540\n|move|p2a: Mienfoo|U-turn|p1a: Frillish\n|-resisted|p1a: Frillish\n|-damage|p1a: Frillish|71\/100\n|\n|t:|1642188552\n|switch|p2a: Chinchou|Chinchou, L5, F|100\/100|[from]move: U-turn\n|move|p1a: Frillish|Scald|p2a: Chinchou\n|-immune|p2a: Chinchou|[from] ability: Water Absorb\n|\n|-end|p1a: Frillish|move: Taunt\n|upkeep\n|turn|4\n|\n|t:|1642188570\n|switch|p1a: Mienfoo|Mienfoo, L5, F|100\/100\n|move|p2a: Chinchou|Volt Switch|p1a: Mienfoo\n|-damage|p1a: Mienfoo|67\/100\n|inactive|gali has 270 seconds left.\n|\n|t:|1642188619\n|switch|p2a: Gastly|Gastly, L5, M|100\/100|[from]move: Volt Switch\n|\n|upkeep\n|turn|5\n|\n|t:|1642188632\n|switch|p1a: Porygon|Porygon, L5|100\/100\n|-ability|p1a: Porygon|Levitate|[from] ability: Trace|[of] p2a: Gastly\n|move|p2a: Gastly|Trick|p1a: Porygon\n|-activate|p2a: Gastly|move: Trick|[of] p1a: Porygon\n|-item|p1a: Porygon|Black Sludge|[from] move: Trick\n|-item|p2a: Gastly|Eviolite|[from] move: Trick\n|\n|-damage|p1a: Porygon|89\/100|[from] item: Black Sludge\n|upkeep\n|turn|6\n|inactive|gali has 240 seconds left.\n|\n|t:|1642188652\n|switch|p2a: Mienfoo|Mienfoo, L5, M|100\/100\n|move|p1a: Porygon|Thunder Wave|p2a: Mienfoo\n|-status|p2a: Mienfoo|par\n|\n|-damage|p1a: Porygon|77\/100|[from] item: Black Sludge\n|upkeep\n|turn|7\n|inactive|gali has 240 seconds left.\n|\n|t:|1642188666\n|switch|p1a: Mienfoo|Mienfoo, L5, F|100\/100\n|move|p2a: Mienfoo|U-turn|p1a: Mienfoo\n|-resisted|p1a: Mienfoo\n|-damage|p1a: Mienfoo|91\/100\n|\n|t:|1642188679\n|switch|p2a: Abra|Abra, L5, F|100\/100|[from]move: U-turn\n|\n|upkeep\n|turn|8\n|inactive|Laroxyl has 270 seconds left.\n|\n|t:|1642188732\n|switch|p1a: Natu|Natu, L5, M|100\/100\n|move|p2a: Abra|Psychic|p1a: Natu\n|-resisted|p1a: Natu\n|-damage|p1a: Natu|66\/100\n|\n|upkeep\n|turn|9\n|\n|t:|1642188752\n|switch|p1a: Pawniard|Pawniard, L5, M|100\/100\n|move|p2a: Abra|Shadow Ball|p1a: Pawniard\n|-resisted|p1a: Pawniard\n|-damage|p1a: Pawniard|86\/100\n|\n|upkeep\n|turn|10\n|\n|t:|1642188767\n|move|p2a: Abra|Hidden Power|p1a: Pawniard\n|-supereffective|p1a: Pawniard\n|-damage|p1a: Pawniard|0 fnt\n|faint|p1a: Pawniard\n|\n|upkeep\n|\n|t:|1642188770\n|switch|p1a: Diglett|Diglett, L5, M|100\/100\n|turn|11\n|\n|t:|1642188781\n|move|p1a: Diglett|Pursuit|p2a: Abra\n|-supereffective|p2a: Abra\n|-damage|p2a: Abra|6\/100\n|-damage|p1a: Diglett|95\/100|[from] item: Life Orb\n|move|p2a: Abra|Psychic|p1a: Diglett\n|-damage|p1a: Diglett|0 fnt\n|faint|p1a: Diglett\n|\n|upkeep\n|\n|t:|1642188789\n|switch|p1a: Porygon|Porygon, L5|77\/100\n|-ability|p1a: Porygon|Magic Guard|[from] ability: Trace|[of] p2a: Abra\n|turn|12\n|\n|t:|1642188803\n|move|p2a: Abra|Psychic|p1a: Porygon\n|-damage|p1a: Porygon|4\/100\n|move|p1a: Porygon|Psychic|p2a: Abra\n|-resisted|p2a: Abra\n|-damage|p2a: Abra|0 fnt\n|faint|p2a: Abra\n|\n|upkeep\n|inactive|gali has 240 seconds left.\n|\n|t:|1642188814\n|switch|p2a: Trapinch|Trapinch, L5, M|100\/100\n|turn|13\n|\n|t:|1642188816\n|move|p2a: Trapinch|Quick Attack|p1a: Porygon\n|-damage|p1a: Porygon|0 fnt\n|faint|p1a: Porygon\n|\n|upkeep\n|inactive|Laroxyl has 270 seconds left.\n|\n|t:|1642188840\n|switch|p1a: Mienfoo|Mienfoo, L5, F|100\/100\n|turn|14\n|\n|t:|1642188848\n|move|p1a: Mienfoo|Knock Off|p2a: Trapinch\n|-damage|p2a: Trapinch|92\/100\n|-enditem|p2a: Trapinch|Eviolite|[from] move: Knock Off|[of] p1a: Mienfoo\n|move|p2a: Trapinch|Earthquake|p1a: Mienfoo\n|-damage|p1a: Mienfoo|58\/100\n|\n|upkeep\n|turn|15\n|inactive|gali has 270 seconds left.\n|\n|t:|1642188858\n|move|p1a: Mienfoo|U-turn|p2a: Trapinch\n|-damage|p2a: Trapinch|61\/100\n|\n|t:|1642188864\n|switch|p1a: Natu|Natu, L5, M|66\/100|[from]move: U-turn\n|move|p2a: Trapinch|Earthquake|p1a: Natu\n|-immune|p1a: Natu\n|\n|upkeep\n|turn|16\n|\n|t:|1642188873\n|switch|p1a: Mienfoo|Mienfoo, L5, F|91\/100\n|move|p2a: Trapinch|Crunch|p1a: Mienfoo\n|-resisted|p1a: Mienfoo\n|-damage|p1a: Mienfoo|77\/100\n|\n|upkeep\n|turn|17\n|inactive|Laroxyl has 270 seconds left.\n|\n|t:|1642188888\n|move|p1a: Mienfoo|U-turn|p2a: Trapinch\n|-damage|p2a: Trapinch|31\/100\n|\n|t:|1642188891\n|switch|p1a: Natu|Natu, L5, M|66\/100|[from]move: U-turn\n|move|p2a: Trapinch|Earthquake|p1a: Natu\n|-immune|p1a: Natu\n|\n|upkeep\n|turn|18\n|inactive|Laroxyl has 270 seconds left.\n|\n|t:|1642188910\n|switch|p1a: Mienfoo|Mienfoo, L5, F|100\/100\n|move|p2a: Trapinch|Quick Attack|p1a: Mienfoo\n|-damage|p1a: Mienfoo|86\/100\n|\n|upkeep\n|turn|19\n|inactive|Laroxyl has 270 seconds left.\n|\n|t:|1642188938\n|move|p2a: Trapinch|Quick Attack|p1a: Mienfoo\n|-damage|p1a: Mienfoo|72\/100\n|move|p1a: Mienfoo|U-turn|p2a: Trapinch\n|-damage|p2a: Trapinch|0 fnt\n|faint|p2a: Trapinch\n|\n|t:|1642188943\n|switch|p1a: Natu|Natu, L5, M|66\/100|[from]move: U-turn\n|\n|upkeep\n|\n|t:|1642188947\n|switch|p2a: Gastly|Gastly, L5, M|100\/100\n|turn|20\n|\n|t:|1642188954\n|switch|p1a: Frillish|Frillish, L5, M|71\/100\n|move|p2a: Gastly|Shadow Ball|p1a: Frillish\n|-supereffective|p1a: Frillish\n|-damage|p1a: Frillish|0 fnt\n|faint|p1a: Frillish\n|\n|upkeep\n|\n|t:|1642188957\n|switch|p1a: Mienfoo|Mienfoo, L5, F|100\/100\n|turn|21\n|inactive|Laroxyl has 270 seconds left.\n|\n|t:|1642188967\n|move|p2a: Gastly|Will-O-Wisp|p1a: Mienfoo|[miss]\n|-miss|p2a: Gastly|p1a: Mienfoo\n|move|p1a: Mienfoo|Knock Off|p2a: Gastly\n|-supereffective|p2a: Gastly\n|-damage|p2a: Gastly|81\/100\n|-enditem|p2a: Gastly|Eviolite|[from] move: Knock Off|[of] p1a: Mienfoo\n|\n|upkeep\n|turn|22\n|\n|t:|1642188972\n|move|p2a: Gastly|Will-O-Wisp|p1a: Mienfoo\n|-status|p1a: Mienfoo|brn\n|move|p1a: Mienfoo|Knock Off|p2a: Gastly\n|-supereffective|p2a: Gastly\n|-damage|p2a: Gastly|67\/100\n|\n|-damage|p1a: Mienfoo|91\/100 brn|[from] brn\n|upkeep\n|turn|23\n|\n|t:|1642188980\n|move|p2a: Gastly|Trick|p1a: Mienfoo\n|-activate|p2a: Gastly|move: Trick|[of] p1a: Mienfoo\n|-enditem|p1a: Mienfoo|Eviolite|[silent]|[from] move: Trick\n|-item|p2a: Gastly|Eviolite|[from] move: Trick\n|move|p1a: Mienfoo|Knock Off|p2a: Gastly\n|-supereffective|p2a: Gastly\n|-damage|p2a: Gastly|58\/100\n|-enditem|p2a: Gastly|Eviolite|[from] move: Knock Off|[of] p1a: Mienfoo\n|\n|-damage|p1a: Mienfoo|81\/100 brn|[from] brn\n|upkeep\n|turn|24\n|\n|t:|1642188986\n|move|p2a: Gastly|Sludge Bomb|p1a: Mienfoo\n|-damage|p1a: Mienfoo|0 fnt\n|faint|p1a: Mienfoo\n|\n|upkeep\n|\n|t:|1642188989\n|switch|p1a: Natu|Natu, L5, M|66\/100\n|turn|25\n|c|\u2606gali|gg\n|c|\u2606Laroxyl|gg\n|\n|t:|1642188996\n|move|p2a: Gastly|Shadow Ball|p1a: Natu\n|-supereffective|p1a: Natu\n|-damage|p1a: Natu|0 fnt\n|faint|p1a: Natu\n|\n|win|gali\n","uploadtime":1642188997,"views":70,"p1id":"laroxyl","p2id":"gali","formatid":"gen5lc","rating":0,"private":0,"password":null}