{"id":"smogtours-gen8ou-513161","p1":"Kebab mlml","p2":"Redemption","format":"gen8ou","log":"|inactive|Battle timer is ON: inactive players will automatically lose when time's up.\n|player|p1|Kebab mlml|volkner|\n|player|p2|Redemption|aromalady|\n|teamsize|p1|6\n|teamsize|p2|6\n|gametype|singles\n|gen|8\n|tier|[Gen 8] OU\n|clearpoke\n|poke|p1|Clefable, M|\n|poke|p1|Excadrill, F|\n|poke|p1|Urshifu-*, M|\n|poke|p1|Magearna|\n|poke|p1|Mandibuzz, F|\n|poke|p1|Rillaboom, M|\n|poke|p2|Hippowdon, F|\n|poke|p2|Pelipper, F|\n|poke|p2|Gengar, F|\n|poke|p2|Volcarona, M|\n|poke|p2|Ferrothorn, F|\n|poke|p2|Hydreigon, M|\n|rule|Sleep Clause Mod: Limit one foe put to sleep\n|rule|Species Clause: Limit one of each Pok\u00e9mon\n|rule|OHKO Clause: OHKO moves are banned\n|rule|Evasion Moves Clause: Evasion moves are banned\n|rule|Endless Battle Clause: Forcing endless battles is banned\n|rule|HP Percentage Mod: HP is shown in percentages\n|rule|Dynamax Clause: You cannot dynamax\n|teampreview\n|c|\u2606Redemption|hf\n|c|\u2606Kebab mlml|hf\n|inactive|Kebab mlml has 270 seconds left.\n|inactive|Redemption has 270 seconds left.\n|c|+H.M.N.I.P|Mio fratello Kebab ti punta addosso il pezzo se dici cazzate\n|inactive|Kebab mlml has 240 seconds left.\n|c|+LUCK>SKILL|er fero \u00e8 freddo\n|c|+pokefrench2.0|allez red\n|raw|<div class=\"broadcast-red\"><strong>Moderated chat was set to \u2606!<\/strong><br \/>Only users of rank \u2606 and higher can talk.<\/div>\n|\n|start\n|switch|p1a: ANELLO + CARO|Magearna|100\/100\n|switch|p2a: Haricot|Hippowdon, F|100\/100\n|-weather|Sandstorm|[from] ability: Sand Stream|[of] p2a: Haricot\n|turn|1\n|inactive|Kebab mlml has 270 seconds left.\n|\n|switch|p1a: ROLEX DORADO|Clefable, M|100\/100\n|switch|p2a: Dinde|Ferrothorn, F|100\/100\n|\n|-weather|Sandstorm|[upkeep]\n|upkeep\n|turn|2\n|inactive|Kebab mlml has 270 seconds left.\n|\n|move|p1a: ROLEX DORADO|Stealth Rock|p2a: Dinde\n|-sidestart|p2: Redemption|move: Stealth Rock\n|move|p2a: Dinde|Spikes|p1a: ROLEX DORADO\n|-sidestart|p1: Kebab mlml|Spikes\n|\n|-weather|Sandstorm|[upkeep]\n|upkeep\n|turn|3\n|\n|move|p1a: ROLEX DORADO|Trick|p2a: Dinde\n|-activate|p1a: ROLEX DORADO|move: Trick|[of] p2a: Dinde\n|-item|p2a: Dinde|Sticky Barb|[from] move: Trick\n|-item|p1a: ROLEX DORADO|Leftovers|[from] move: Trick\n|move|p2a: Dinde|Knock Off|p1a: ROLEX DORADO\n|-resisted|p1a: ROLEX DORADO\n|-damage|p1a: ROLEX DORADO|93\/100\n|-enditem|p1a: ROLEX DORADO|Leftovers|[from] move: Knock Off|[of] p2a: Dinde\n|\n|-weather|Sandstorm|[upkeep]\n|-damage|p2a: Dinde|88\/100|[from] item: Sticky Barb\n|upkeep\n|turn|4\n|\n|switch|p2a: Haricot|Hippowdon, F|100\/100\n|-damage|p2a: Haricot|94\/100|[from] Stealth Rock\n|move|p1a: ROLEX DORADO|Moonblast|p2a: Haricot\n|-damage|p2a: Haricot|60\/100\n|\n|-weather|Sandstorm|[upkeep]\n|upkeep\n|turn|5\n|\n|move|p1a: ROLEX DORADO|Trick|p2a: Haricot\n|-activate|p1a: ROLEX DORADO|move: Trick|[of] p2a: Haricot\n|-enditem|p2a: Haricot|Rocky Helmet|[silent]|[from] move: Trick\n|-item|p1a: ROLEX DORADO|Rocky Helmet|[from] move: Trick\n|move|p2a: Haricot|Stealth Rock|p1a: ROLEX DORADO\n|-sidestart|p1: Kebab mlml|move: Stealth Rock\n|\n|-weather|none\n|upkeep\n|turn|6\n|\n|move|p1a: ROLEX DORADO|Moonblast|p2a: Haricot\n|-damage|p2a: Haricot|28\/100\n|move|p2a: Haricot|Slack Off|p2a: Haricot\n|-heal|p2a: Haricot|78\/100\n|\n|upkeep\n|turn|7\n|\n|move|p1a: ROLEX DORADO|Moonblast|p2a: Haricot\n|-damage|p2a: Haricot|47\/100\n|-unboost|p2a: Haricot|spa|1\n|move|p2a: Haricot|Slack Off|p2a: Haricot\n|-heal|p2a: Haricot|97\/100\n|\n|upkeep\n|turn|8\n|inactive|Redemption has 270 seconds left.\n|\n|move|p1a: ROLEX DORADO|Moonblast|p2a: Haricot\n|-crit|p2a: Haricot\n|-damage|p2a: Haricot|43\/100\n|-unboost|p2a: Haricot|spa|1\n|move|p2a: Haricot|Earthquake|p1a: ROLEX DORADO\n|-damage|p1a: ROLEX DORADO|65\/100\n|\n|upkeep\n|turn|9\n|inactive|Redemption has 270 seconds left.\n|\n|move|p1a: ROLEX DORADO|Soft-Boiled|p1a: ROLEX DORADO\n|-heal|p1a: ROLEX DORADO|100\/100\n|move|p2a: Haricot|Slack Off|p2a: Haricot\n|-heal|p2a: Haricot|93\/100\n|\n|upkeep\n|turn|10\n|inactive|Redemption has 270 seconds left.\n|\n|move|p1a: ROLEX DORADO|Moonblast|p2a: Haricot\n|-damage|p2a: Haricot|59\/100\n|move|p2a: Haricot|Earthquake|p1a: ROLEX DORADO\n|-damage|p1a: ROLEX DORADO|71\/100\n|\n|upkeep\n|turn|11\n|\n|move|p1a: ROLEX DORADO|Moonblast|p2a: Haricot\n|-damage|p2a: Haricot|26\/100\n|move|p2a: Haricot|Slack Off|p2a: Haricot\n|-heal|p2a: Haricot|76\/100\n|\n|upkeep\n|turn|12\n|\n|move|p1a: ROLEX DORADO|Moonblast|p2a: Haricot\n|-damage|p2a: Haricot|45\/100\n|-unboost|p2a: Haricot|spa|1\n|move|p2a: Haricot|Slack Off|p2a: Haricot\n|-heal|p2a: Haricot|95\/100\n|\n|upkeep\n|turn|13\n|\n|switch|p2a: Concombre|Volcarona, M|100\/100\n|move|p1a: ROLEX DORADO|Moonblast|p2a: Concombre\n|-resisted|p2a: Concombre\n|-damage|p2a: Concombre|86\/100\n|\n|upkeep\n|turn|14\n|inactive|Kebab mlml has 270 seconds left.\n|inactive|Kebab mlml has 240 seconds left.\n|\n|switch|p1a: URSHIFU SHUN HA|Urshifu-Rapid-Strike, M|100\/100\n|-damage|p1a: URSHIFU SHUN HA|88\/100|[from] Spikes\n|-damage|p1a: URSHIFU SHUN HA|82\/100|[from] Stealth Rock\n|move|p2a: Concombre|Quiver Dance|p2a: Concombre\n|-boost|p2a: Concombre|spa|1\n|-boost|p2a: Concombre|spd|1\n|-boost|p2a: Concombre|spe|1\n|\n|upkeep\n|turn|15\n|inactive|Kebab mlml has 210 seconds left.\n|inactive|Kebab mlml has 180 seconds left.\n|\n|switch|p2a: Dinde|Ferrothorn, F|88\/100\n|-damage|p2a: Dinde|82\/100|[from] Stealth Rock\n|move|p1a: URSHIFU SHUN HA|Close Combat|p2a: Dinde\n|-supereffective|p2a: Dinde\n|-damage|p2a: Dinde|0 fnt\n|-unboost|p1a: URSHIFU SHUN HA|def|1\n|-unboost|p1a: URSHIFU SHUN HA|spd|1\n|-damage|p1a: URSHIFU SHUN HA|70\/100|[from] ability: Iron Barbs|[of] p2a: Dinde\n|faint|p2a: Dinde\n|\n|upkeep\n|\n|switch|p2a: Vermicelle|Gengar, F|100\/100\n|-damage|p2a: Vermicelle|88\/100|[from] Stealth Rock\n|turn|16\n|\n|switch|p1a: EL DORADO|Mandibuzz, F|100\/100\n|move|p2a: Vermicelle|Nasty Plot|p2a: Vermicelle\n|-boost|p2a: Vermicelle|spa|2\n|\n|upkeep\n|turn|17\n|\n|move|p2a: Vermicelle|Thunderbolt|p1a: EL DORADO\n|-supereffective|p1a: EL DORADO\n|-damage|p1a: EL DORADO|0 fnt\n|faint|p1a: EL DORADO\n|\n|upkeep\n|\n|switch|p1a: HASTA LUEGO|Excadrill, F|100\/100\n|-damage|p1a: HASTA LUEGO|88\/100|[from] Spikes\n|-damage|p1a: HASTA LUEGO|85\/100|[from] Stealth Rock\n|-ability|p1a: HASTA LUEGO|Mold Breaker\n|turn|18\n|inactive|Redemption has 270 seconds left.\n|inactive|Redemption has 240 seconds left.\n|\n|switch|p2a: Courgette|Pelipper, F|100\/100\n|-damage|p2a: Courgette|76\/100|[from] Stealth Rock\n|-weather|RainDance|[from] ability: Drizzle|[of] p2a: Courgette\n|move|p1a: HASTA LUEGO|High Horsepower|p2a: Courgette\n|-immune|p2a: Courgette\n|\n|-weather|RainDance|[upkeep]\n|-heal|p1a: HASTA LUEGO|91\/100|[from] item: Leftovers\n|upkeep\n|turn|19\n|\n|move|p1a: HASTA LUEGO|Rapid Spin|p2a: Courgette\n|-damage|p2a: Courgette|53\/100\n|-boost|p1a: HASTA LUEGO|spe|1\n|-sideend|p1: Kebab mlml|Spikes|[from] move: Rapid Spin|[of] p1a: HASTA LUEGO\n|-sideend|p1: Kebab mlml|Stealth Rock|[from] move: Rapid Spin|[of] p1a: HASTA LUEGO\n|move|p2a: Courgette|Weather Ball|p1a: HASTA LUEGO\n|-supereffective|p1a: HASTA LUEGO\n|-damage|p1a: HASTA LUEGO|0 fnt\n|faint|p1a: HASTA LUEGO\n|\n|-weather|RainDance|[upkeep]\n|upkeep\n|\n|switch|p1a: URSHIFU SHUN HA|Urshifu-Rapid-Strike, M|70\/100\n|turn|20\n|inactive|Redemption has 210 seconds left.\n|inactive|Redemption has 180 seconds left.\n|inactive|Redemption has 150 seconds left.\n|inactive|Redemption has 120 seconds left.\n|inactive|Redemption has 90 seconds left.\n|inactive|Redemption has 60 seconds left.\n|\n|switch|p2a: Haricot|Hippowdon, F|95\/100\n|-damage|p2a: Haricot|89\/100|[from] Stealth Rock\n|-weather|Sandstorm|[from] ability: Sand Stream|[of] p2a: Haricot\n|move|p1a: URSHIFU SHUN HA|Surging Strikes|p2a: Haricot\n|-supereffective|p2a: Haricot\n|-crit|p2a: Haricot\n|-damage|p2a: Haricot|56\/100\n|-supereffective|p2a: Haricot\n|-crit|p2a: Haricot\n|-damage|p2a: Haricot|26\/100\n|-supereffective|p2a: Haricot\n|-crit|p2a: Haricot\n|-damage|p2a: Haricot|0 fnt\n|-hitcount|p2a: Haricot|3\n|faint|p2a: Haricot\n|\n|-weather|Sandstorm|[upkeep]\n|-damage|p1a: URSHIFU SHUN HA|64\/100|[from] Sandstorm\n|upkeep\n|\n|switch|p2a: Polenta|Hydreigon, M|100\/100\n|-damage|p2a: Polenta|88\/100|[from] Stealth Rock\n|turn|21\n|\n|switch|p1a: ROLEX DORADO|Clefable, M|71\/100\n|move|p2a: Polenta|U-turn|p1a: ROLEX DORADO\n|-resisted|p1a: ROLEX DORADO\n|-damage|p1a: ROLEX DORADO|64\/100\n|-damage|p2a: Polenta|72\/100|[from] item: Rocky Helmet|[of] p1a: ROLEX DORADO\n|\n|switch|p2a: Courgette|Pelipper, F|53\/100|[from]move: U-turn\n|-damage|p2a: Courgette|28\/100|[from] Stealth Rock\n|-weather|RainDance|[from] ability: Drizzle|[of] p2a: Courgette\n|\n|-weather|RainDance|[upkeep]\n|upkeep\n|turn|22\n|inactive|Kebab mlml has 210 seconds left.\n|inactive|Redemption has 30 seconds left.\n|inactive|Redemption has 20 seconds left.\n|\n|switch|p1a: FERRARI DORADO|Rillaboom, M|100\/100\n|-fieldstart|move: Grassy Terrain|[from] ability: Grassy Surge|[of] p1a: FERRARI DORADO\n|move|p2a: Courgette|Weather Ball|p1a: FERRARI DORADO\n|-resisted|p1a: FERRARI DORADO\n|-damage|p1a: FERRARI DORADO|27\/100\n|\n|-weather|RainDance|[upkeep]\n|-heal|p1a: FERRARI DORADO|34\/100|[from] Grassy Terrain\n|upkeep\n|turn|23\n|inactive|Redemption has 30 seconds left this turn.\n|\n|switch|p2a: Concombre|Volcarona, M|86\/100\n|move|p1a: FERRARI DORADO|Knock Off|p2a: Concombre\n|-crit|p2a: Concombre\n|-damage|p2a: Concombre|28\/100\n|-enditem|p2a: Concombre|Heavy-Duty Boots|[from] move: Knock Off|[of] p1a: FERRARI DORADO\n|-damage|p1a: FERRARI DORADO|24\/100|[from] item: Life Orb\n|\n|-weather|RainDance|[upkeep]\n|-heal|p1a: FERRARI DORADO|30\/100|[from] Grassy Terrain\n|-heal|p2a: Concombre|34\/100|[from] Grassy Terrain\n|upkeep\n|turn|24\n|inactive|Redemption has 30 seconds left.\n|inactive|Kebab mlml has 180 seconds left.\n|\n|switch|p1a: URSHIFU SHUN HA|Urshifu-Rapid-Strike, M|64\/100\n|move|p2a: Concombre|Fiery Dance|p1a: URSHIFU SHUN HA\n|-resisted|p1a: URSHIFU SHUN HA\n|-damage|p1a: URSHIFU SHUN HA|49\/100\n|-boost|p2a: Concombre|spa|1\n|\n|-weather|RainDance|[upkeep]\n|-heal|p1a: URSHIFU SHUN HA|56\/100|[from] Grassy Terrain\n|-heal|p2a: Concombre|40\/100|[from] Grassy Terrain\n|upkeep\n|turn|25\n|inactive|Redemption has 30 seconds left.\n|inactive|Redemption has 20 seconds left.\n|inactive|Kebab mlml has 180 seconds left.\n|inactive|Redemption has 15 seconds left.\n|inactive|Kebab mlml has 150 seconds left.\n|\n|move|p1a: URSHIFU SHUN HA|Surging Strikes|p2a: Concombre\n|-supereffective|p2a: Concombre\n|-crit|p2a: Concombre\n|-damage|p2a: Concombre|0 fnt\n|-status|p1a: URSHIFU SHUN HA|brn|[from] ability: Flame Body|[of] p2a: Concombre\n|-hitcount|p2a: Concombre|1\n|faint|p2a: Concombre\n|\n|-weather|none\n|-heal|p1a: URSHIFU SHUN HA|62\/100 brn|[from] Grassy Terrain\n|-damage|p1a: URSHIFU SHUN HA|56\/100 brn|[from] brn\n|upkeep\n|inactive|Redemption has 20 seconds left this turn.\n|inactive|Redemption has 15 seconds left.\n|inactive|Redemption has 10 seconds left.\n|\n|switch|p2a: Vermicelle|Gengar, F|88\/100\n|-damage|p2a: Vermicelle|76\/100|[from] Stealth Rock\n|turn|26\n|inactive|Redemption has 20 seconds left this turn.\n|inactive|Kebab mlml has 150 seconds left.\n|inactive|Redemption has 15 seconds left.\n|\n|switch|p1a: ANELLO + CARO|Magearna|100\/100\n|move|p2a: Vermicelle|Shadow Ball|p1a: ANELLO + CARO\n|-damage|p1a: ANELLO + CARO|58\/100\n|\n|-heal|p2a: Vermicelle|82\/100|[from] Grassy Terrain\n|-heal|p1a: ANELLO + CARO|64\/100|[from] item: Leftovers\n|-heal|p1a: ANELLO + CARO|71\/100|[from] Grassy Terrain\n|-fieldend|move: Grassy Terrain\n|upkeep\n|turn|27\n|inactive|Redemption has 25 seconds left this turn.\n|inactive|Redemption has 20 seconds left.\n|inactive|Redemption has 15 seconds left.\n|inactive|Redemption has 10 seconds left.\n|inactive|Redemption has 5 seconds left.\n|\n|move|p2a: Vermicelle|Shadow Ball|p1a: ANELLO + CARO\n|-damage|p1a: ANELLO + CARO|30\/100\n|move|p1a: ANELLO + CARO|Thunderbolt|p2a: Vermicelle\n|-damage|p2a: Vermicelle|25\/100\n|-start|p1a: ANELLO + CARO|Disable|Thunderbolt|[from] ability: Cursed Body|[of] p2a: Vermicelle\n|\n|-heal|p1a: ANELLO + CARO|37\/100|[from] item: Leftovers\n|upkeep\n|turn|28\n|inactive|Redemption has 15 seconds left this turn.\n|inactive|Redemption has 10 seconds left.\n|\n|move|p2a: Vermicelle|Shadow Ball|p1a: ANELLO + CARO\n|-damage|p1a: ANELLO + CARO|0 fnt\n|faint|p1a: ANELLO + CARO\n|\n|upkeep\n|inactive|Redemption has 15 seconds left this turn.\n|inactive|Kebab mlml has 150 seconds left.\n|\n|switch|p1a: FERRARI DORADO|Rillaboom, M|30\/100\n|-fieldstart|move: Grassy Terrain|[from] ability: Grassy Surge|[of] p1a: FERRARI DORADO\n|turn|29\n|inactive|Redemption has 25 seconds left this turn.\n|inactive|Redemption has 20 seconds left.\n|inactive|Redemption has 15 seconds left.\n|\n|switch|p2a: Polenta|Hydreigon, M|72\/100\n|-damage|p2a: Polenta|59\/100|[from] Stealth Rock\n|move|p1a: FERRARI DORADO|Grassy Glide|p2a: Polenta\n|-resisted|p2a: Polenta\n|-damage|p2a: Polenta|20\/100\n|-damage|p1a: FERRARI DORADO|20\/100|[from] item: Life Orb\n|\n|-heal|p1a: FERRARI DORADO|26\/100|[from] Grassy Terrain\n|upkeep\n|turn|30\n|inactive|Redemption has 25 seconds left this turn.\n|inactive|Redemption has 20 seconds left.\n|\n|move|p1a: FERRARI DORADO|Grassy Glide|p2a: Polenta\n|-resisted|p2a: Polenta\n|-damage|p2a: Polenta|0 fnt\n|-damage|p1a: FERRARI DORADO|16\/100|[from] item: Life Orb\n|faint|p2a: Polenta\n|\n|-heal|p1a: FERRARI DORADO|22\/100|[from] Grassy Terrain\n|upkeep\n|inactive|Redemption has 25 seconds left this turn.\n|c|\u2606Redemption|gg\n|c|\u2606Kebab mlml|gg\n|inactive|Redemption has 20 seconds left.\n|c|\u2606Redemption|and gl for next\n|\n|switch|p2a: Vermicelle|Gengar, F|25\/100\n|-damage|p2a: Vermicelle|13\/100|[from] Stealth Rock\n|turn|31\n|inactive|Redemption has 30 seconds left this turn.\n|c|\u2606Kebab mlml|thx\n|\n|move|p1a: FERRARI DORADO|Grassy Glide|p2a: Vermicelle\n|-resisted|p2a: Vermicelle\n|-damage|p2a: Vermicelle|0 fnt\n|-damage|p1a: FERRARI DORADO|12\/100|[from] item: Life Orb\n|faint|p2a: Vermicelle\n|\n|-heal|p1a: FERRARI DORADO|18\/100|[from] Grassy Terrain\n|upkeep\n|\n|switch|p2a: Courgette|Pelipper, F|28\/100\n|-damage|p2a: Courgette|3\/100|[from] Stealth Rock\n|-weather|RainDance|[from] ability: Drizzle|[of] p2a: Courgette\n|turn|32\n|\n|move|p1a: FERRARI DORADO|Grassy Glide|p2a: Courgette\n|-damage|p2a: Courgette|0 fnt\n|-damage|p1a: FERRARI DORADO|8\/100|[from] item: Life Orb\n|faint|p2a: Courgette\n|\n|win|Kebab mlml\n","uploadtime":1596378417,"views":2717,"p1id":"kebabmlml","p2id":"redemption","formatid":"gen8ou","rating":0,"private":0,"password":null}