{"id":"sports-gen5customgame-305453","p1":"YGW Jake","p2":"GeniusX","format":"gen5customgame","log":"|j|\u2606YGW Jake\n|j|\u2606GeniusX\n|t:|1608875504\n|player|p1|YGW Jake|ygwjake.png|\n|player|p2|GeniusX|geniusx.gif|\n|teamsize|p1|6\n|teamsize|p2|6\n|gametype|singles\n|gen|5\n|tier|[Gen 5] Custom Game\n|html|<button name=\"send\" class=\"button\" value=\"\/timer ds\"><i class=\"fa fa-hourglass-start\"><\/i> DS Timer<\/button> <button name=\"send\" class=\"button\" value=\"\/timer smogon\"><i class=\"fa fa-hourglass-start\"><\/i> Smogon Timer<\/button>\n|\n|t:|1608875504\n|start\n|switch|p1a: Iskandar|Growlithe, L23, F|68\/68\n|switch|p2a: Hitsuji|Flaaffy, L23, F|72\/72\n|turn|1\n|j| humaiwiabe\n|j| K!ngSky\n|n| le xrn|humaiwiabe\n|c| le xrn|go xing\n|\n|t:|1608875528\n|move|p1a: Iskandar|Fire Fang|p2a: Hitsuji\n|-damage|p2a: Hitsuji|44\/72\n|move|p2a: Hitsuji|Thunder Wave|p1a: Iskandar\n|-status|p1a: Iskandar|par\n|\n|upkeep\n|turn|2\n|\n|t:|1608875534\n|switch|p2a: Corphish|Corphish, L23, F|60\/60\n|move|p1a: Iskandar|Fire Fang|p2a: Corphish\n|-resisted|p2a: Corphish\n|-damage|p2a: Corphish|47\/60\n|\n|upkeep\n|turn|3\n|c| K!ngSky|hax\n|c| K!ngSky|YEP sheer force corphish\n|c| K!ngSky|wait where did u get this from\n|inactive|Battle timer is ON: inactive players will automatically lose when time's up. (requested by GeniusX)\n|j| itsyaboiraboi\n|c|\u2606GeniusX|ill tell u after game\n|j| SB JCollin\n|c|\u2606GeniusX|kek\n|j| john w\n|c|\u2606GeniusX|its my virbank encounter\n|\n|t:|1608875576\n|move|p2a: Corphish|Bubble Beam|p1a: Iskandar\n|-supereffective|p1a: Iskandar\n|-damage|p1a: Iskandar|0 fnt\n|faint|p1a: Iskandar\n|\n|upkeep\n|c|\u2606YGW Jake|.\n|c| K!ngSky|LOL\n|c|\u2606YGW Jake|growlithe is ass\n|c|\u2606GeniusX|i went for the fishing\n|\n|t:|1608875587\n|switch|p1a: Zoro|Grovyle, L23, M|77\/77\n|turn|4\n|c|\u2606GeniusX|rather than the grass\n|\n|t:|1608875593\n|debug|before turn callback: pursuit\n|move|p2a: Corphish|Protect|p2a: Corphish\n|-singleturn|p2a: Corphish|Protect\n|move|p1a: Zoro|Pursuit|p2a: Corphish\n|-activate|p2a: Corphish|move: Protect\n|\n|upkeep\n|turn|5\n|c| K!ngSky|chief\n|c| john w|LOL\n|\n|t:|1608875599\n|switch|p2a: Trash|Kricketune, L23, M|75\/75\n|move|p1a: Zoro|Magical Leaf|p2a: Trash\n|-resisted|p2a: Trash\n|-damage|p2a: Trash|59\/75\n|\n|upkeep\n|turn|6\n|c| john w|JAKE THINKS HES DIFFERENT\n|c| K!ngSky|.\n|c| john w|how do u get\n|c| john w|grovile\n|c| john w|Lol\n|c| john w|nice cheat\n|j| Shadowblast\n|inactive|YGW Jake has 270 seconds left.\n|c| john w|Dude gonna say\n|c| john w|\"i fished it up\"\n|j| Pandarob3rt34\n|c| K!ngSky|i did...\n|c| K!ngSky|literally\n|\n|t:|1608875652\n|switch|p1a: Dilwar|Tranquill, L23, M|67\/67\n|move|p2a: Trash|Sing|p1a: Dilwar\n|-status|p1a: Dilwar|slp|[from] move: Sing\n|\n|upkeep\n|turn|7\n|c| john w|sky ur not even playing and no ones ttalking to u\n|c| john w|spedski\n|c| john w|LOL\n|c| K!ngSky|LOL\n|c| john w|GOAT\n|\n|t:|1608875661\n|move|p2a: Trash|Return|p1a: Dilwar\n|debug|Base Power: 102\n|-crit|p1a: Dilwar\n|-damage|p1a: Dilwar|0 fnt\n|faint|p1a: Dilwar\n|\n|upkeep\n|c| john w|LOL\n|c|\u2606YGW Jake|ok\n|c| Shadowblast|ofc\n|c| K!ngSky|chief\n|c| john w|LOOOOOL\n|c| john w|LOLOLO\n|c| john w|LOLOL\n|\n|t:|1608875681\n|switch|p1a: Fabio.|Flaaffy, L23, F|83\/83\n|turn|8\n|\n|t:|1608875691\n|switch|p2a: Kaze|Nuzleaf, L23, M|74\/74\n|move|p1a: Fabio.|Thunder Wave|p2a: Kaze\n|-status|p2a: Kaze|par\n|\n|upkeep\n|turn|9\n|\n|t:|1608875698\n|switch|p1a: Zoro|Grovyle, L23, M|77\/77\n|move|p2a: Kaze|Nature Power|p2a: Kaze\n|move|p2a: Kaze|Earthquake|p1a: Zoro|[from]move: Nature Power\n|-resisted|p1a: Zoro\n|-damage|p1a: Zoro|69\/77\n|\n|upkeep\n|turn|10\n|c| john w|,\n|\n|t:|1608875708\n|move|p1a: Zoro|Low Sweep|p2a: Kaze\n|-supereffective|p2a: Kaze\n|-damage|p2a: Kaze|28\/74 par\n|-unboost|p2a: Kaze|spe|1\n|move|p2a: Kaze|Foul Play|p1a: Zoro\n|-damage|p1a: Zoro|39\/77\n|\n|upkeep\n|turn|11\n|inactive|YGW Jake has 270 seconds left.\n|c|\u2606YGW Jake|WTF\n|c| john w|chip\n|\n|t:|1608875722\n|move|p1a: Zoro|Low Sweep|p2a: Kaze\n|-supereffective|p2a: Kaze\n|-damage|p2a: Kaze|0 fnt\n|faint|p2a: Kaze\n|\n|upkeep\n|j| BasedTech\n|\n|t:|1608875724\n|switch|p2a: Trash|Kricketune, L23, M|59\/75\n|turn|12\n|\n|t:|1608875727\n|switch|p1a: Bryson|Feebas, L23, F|60\/60\n|move|p2a: Trash|Bug Bite|p1a: Bryson\n|debug|Base Power: 60\n|debug|Technician boost\n|-damage|p1a: Bryson|0 fnt\n|faint|p1a: Bryson\n|\n|upkeep\n|\n|t:|1608875730\n|switch|p1a: Fabio.|Flaaffy, L23, F|83\/83\n|turn|13\n|c| john w|,\n|c| john w|dude has feebas\n|c| le xrn|LOL\n|\n|t:|1608875743\n|move|p2a: Trash|Bug Bite|p1a: Fabio.\n|debug|Base Power: 60\n|debug|Technician boost\n|-damage|p1a: Fabio.|43\/83\n|-enditem|p1a: Fabio.|Sitrus Berry|[from] stealeat|[move] Bug Bite|[of] p2a: Trash\n|-heal|p2a: Trash|75\/75|[from] item: Sitrus Berry\n|move|p1a: Fabio.|Charge Beam|p2a: Trash\n|-damage|p2a: Trash|53\/75\n|-boost|p1a: Fabio.|spa|1\n|\n|upkeep\n|turn|14\n|c| john w|Im done\n|c| john w|FUCKING FEEBAS\n|\n|t:|1608875763\n|move|p2a: Trash|Bug Bite|p1a: Fabio.\n|debug|Base Power: 60\n|debug|Technician boost\n|-damage|p1a: Fabio.|3\/83\n|move|p1a: Fabio.|Thunder Wave|p2a: Trash\n|-status|p2a: Trash|par\n|\n|upkeep\n|turn|15\n|c| john w|hof cheatt code\n|\n|t:|1608875775\n|switch|p2a: Hitsuji|Flaaffy, L23, F|44\/72\n|move|p1a: Fabio.|Charge Beam|p2a: Hitsuji\n|-resisted|p2a: Hitsuji\n|-damage|p2a: Hitsuji|25\/72\n|-boost|p1a: Fabio.|spa|1\n|\n|upkeep\n|turn|16\n|c| john w|,,\n|c| john w|,\n|c| john w|,\n|\n|t:|1608875781\n|move|p1a: Fabio.|Charge Beam|p2a: Hitsuji\n|-resisted|p2a: Hitsuji\n|-damage|p2a: Hitsuji|4\/72\n|move|p2a: Hitsuji|Charge Beam|p1a: Fabio.\n|-resisted|p1a: Fabio.\n|-damage|p1a: Fabio.|0 fnt\n|faint|p1a: Fabio.\n|\n|upkeep\n|c| john w|,,\n|c| john w|,GOAT\n|c| le xrn|jakes team is dog\n|c| le xrn|wtf\n|c| john w|finish him off\n|\n|t:|1608875798\n|switch|p1a: Zoro|Grovyle, L23, M|39\/77\n|turn|17\n|c| john w|his teams solid\n|c| john w|Tbh\n|\n|t:|1608875803\n|move|p1a: Zoro|Magical Leaf|p2a: Hitsuji\n|-damage|p2a: Hitsuji|0 fnt\n|faint|p2a: Hitsuji\n|\n|upkeep\n|c| K!ngSky|yea we got hof unlucky\n|\n|t:|1608875805\n|switch|p2a: Sumo|Pignite, L23, M|81\/81\n|turn|18\n|c| K!ngSky|we have horrid teams kek\n|\n|t:|1608875810\n|switch|p1a: \"The Answer\"|Krabby, L23, M|66\/66\n|move|p2a: Sumo|Flame Charge|p1a: \"The Answer\"\n|-resisted|p1a: \"The Answer\"\n|-damage|p1a: \"The Answer\"|60\/66\n|-boost|p2a: Sumo|spe|1\n|\n|upkeep\n|turn|19\n|\n|t:|1608875816\n|move|p2a: Sumo|Return|p1a: \"The Answer\"\n|-damage|p1a: \"The Answer\"|42\/66\n|move|p1a: \"The Answer\"|Crabhammer|p2a: Sumo\n|-supereffective|p2a: Sumo\n|-damage|p2a: Sumo|0 fnt\n|faint|p2a: Sumo\n|\n|upkeep\n|c| K!ngSky|LOL\n|c|\u2606GeniusX|wtf\n|c| BasedTech|gone\n|c| le xrn|LOL\n|c| john w|xing\n|c| john w|you fuccking choked\n|c| john w|dogshit play\n|c| john w|hows this eviolite\n|c| john w|LOL\n|c| K!ngSky|LOOL\n|c| john w|Cringe\n|c|\u2606GeniusX|im silk scarf\n|inactive|GeniusX has 270 seconds left.\n|c|\u2606GeniusX|how did that do\n|c|\u2606GeniusX|27\n|c|\u2606GeniusX|WAIT\n|c| john w|its eviolite\n|c|\u2606GeniusX|I FOROGT TO CHANGE HAPPINESS\n|c|\u2606GeniusX|BACK\n|c|\u2606GeniusX|FROM 0\n|c| john w|,\n|c| Pandarob3rt34|it hates you\n|c|\u2606GeniusX|TO 252\n|c| BasedTech|L\n|c|\u2606GeniusX|FROM LALST GYM\n|c| K!ngSky|thats on u ..\n|c|\u2606YGW Jake|L\n|c| john w|R u stupid\n|c| itsyaboiraboi|LOL\n|c| K!ngSky|literally\n|c|\u2606GeniusX|wait no\n|c| john w|Ur actually stupid\n|c|\u2606GeniusX|its happiness\n|inactive|GeniusX has 240 seconds left.\n|c|\u2606GeniusX|is 255\n|c| john w|lmao\n|c|\u2606GeniusX|wtf\n|c| K!ngSky|we got eviolite\n|c| john w|cheat codes baby\n|c| K!ngSky|u can get it \n|c| john w|how \n|c| K!ngSky|right\\\n|\n|t:|1608875888\n|switch|p2a: Gyarados|Gyarados, L23, F|98\/98\n|-ability|p2a: Gyarados|Intimidate|boost\n|-fail|p1a: \"The Answer\"|unboost|Attack|[from] ability: Hyper Cutter|[of] p1a: \"The Answer\"\n|turn|20\n|c| john w|no\n|c| john w|u cant\n|c| john w|LOL\n|c|\u2606GeniusX|its not even\n|c|\u2606GeniusX|sheer froce\n|c| K!ngSky|bro i got eviolite gible\n|\n|t:|1608875899\n|move|p2a: Gyarados|Bounce||[still]\n|-prepare|p2a: Gyarados|Bounce\n|move|p1a: \"The Answer\"|Return|p2a: Gyarados|[miss]\n|-miss|p1a: \"The Answer\"|p2a: Gyarados\n|\n|upkeep\n|turn|21\n|c| john w|Bruh how tf\n|\n|t:|1608875905\n|move|p2a: Gyarados|Bounce|p1a: \"The Answer\"|[from]lockedmove\n|-damage|p1a: \"The Answer\"|6\/66\n|-status|p1a: \"The Answer\"|par\n|cant|p1a: \"The Answer\"|par\n|\n|upkeep\n|turn|22\n|c|\u2606YGW Jake|...\n|c|\u2606YGW Jake|.............\n|c| john w|gg\n|c|\u2606YGW Jake|............................\n|c| K!ngSky|come on dude\n|-activate|p1a: \"The Answer\"|item: Quick Claw\n|\n|t:|1608875913\n|move|p1a: \"The Answer\"|Crabhammer|p2a: Gyarados\n|-resisted|p2a: Gyarados\n|-damage|p2a: Gyarados|83\/98\n|move|p2a: Gyarados|Bite|p1a: \"The Answer\"\n|-damage|p1a: \"The Answer\"|0 fnt\n|faint|p1a: \"The Answer\"\n|\n|upkeep\n|c| K!ngSky|.\n|c| K!ngSky|.\n|c| K!ngSky|.\n|c| K!ngSky|.\n|c| itsyaboiraboi|LOL\n|c| K!ngSky|.\n|c| K!ngSky|.\n|\n|t:|1608875918\n|switch|p1a: Zoro|Grovyle, L23, M|39\/77\n|turn|23\n|c| K!ngSky|jake\n|c| K!ngSky|chief\n|c|\u2606YGW Jake|it didnt matter\n|\n|t:|1608875929\n|move|p1a: Zoro|Magical Leaf|p2a: Gyarados\n|-damage|p2a: Gyarados|62\/98\n|move|p2a: Gyarados|Bounce||[still]\n|-prepare|p2a: Gyarados|Bounce\n|\n|upkeep\n|turn|24\n|c| K!ngSky|u could have won\n|c|\u2606YGW Jake|no i couldnt have\n|c|\u2606YGW Jake|lol\n|c| john w|gg\n|c| john w|'ggg\n|c| john w|gg\n|c|\u2606YGW Jake|ur retarded\n|c| K!ngSky|if u hax the bug\n|c| john w|gg\n|l| BasedTech\n|c| john w|gg\n|c| john w|gg\n|c|\u2606YGW Jake|dude return does 0\n|c|\u2606YGW Jake|goofy\n|\n|t:|1608875946\n|move|p1a: Zoro|Magical Leaf|p2a: Gyarados|[miss]\n|-miss|p1a: Zoro|p2a: Gyarados\n|move|p2a: Gyarados|Bounce|p1a: Zoro|[from]lockedmove|[miss]\n|-miss|p2a: Gyarados|p1a: Zoro\n|\n|upkeep\n|turn|25\n|c| john w|gg\n|c| K!ngSky|oh well\n|c| Shadowblast|why is krikectune broken\n|c| john w|,\n|\n|t:|1608875952\n|move|p1a: Zoro|Magical Leaf|p2a: Gyarados\n|-damage|p2a: Gyarados|41\/98\n|move|p2a: Gyarados|Bounce||[still]\n|-prepare|p2a: Gyarados|Bounce\n|\n|upkeep\n|turn|26\n|c|\u2606YGW Jake|MIS\n|c| john w|gg\n|c|\u2606YGW Jake|MISS\n|c| john w|gg\n|c|\u2606YGW Jake|MISS\n|c| john w|gg\n|c| john w|gg\n|c|\u2606YGW Jake|MISS\n|c| john w|gg\n|\n|t:|1608875960\n|move|p1a: Zoro|Magical Leaf|p2a: Gyarados|[miss]\n|-miss|p1a: Zoro|p2a: Gyarados\n|move|p2a: Gyarados|Bounce|p1a: Zoro|[from]lockedmove\n|-supereffective|p1a: Zoro\n|-damage|p1a: Zoro|0 fnt\n|debug|move failed because it did nothing\n|faint|p1a: Zoro\n|\n|win|GeniusX\n|c| john w|gg\n|c| john w|gg\n|c|\u2606GeniusX|g\n|c| john w|gg\n|c| K!ngSky|ofc\n|c|\u2606GeniusX|gg\n|c| K!ngSky|hof luck\n|l| itsyaboiraboi\n","uploadtime":1608875967,"views":61,"p1id":"ygwjake","p2id":"geniusx","formatid":"gen5customgame","rating":0,"private":0,"password":null}